2322 3718
276 201 324 247 on
350 197 642 247 conrunarronn
669 197 884 245 cATILINAn.
986 183 1046 246 131

286 322 360 364 ,ar
360 307 399 356 »tl
416 299 465 362 ht
466 293 513 343 [Ι

115 359 276 428 vincimus
285 358 658 449 omniannhistutaerunt,
667 361 856 413 commeatus
864 356 992 427 abunde

113 439 281 514 municipia
297 458 314 495 a
316 445 386 514 tque
402 426 537 495 coloniae
553 437 715 511 patebunt:
738 437 764 492 si
780 446 862 493 metu
872 437 994 494 cesseri-

112 537 193 589 mus
209 520 315 577 eudem
342 519 394 574 illa
417 519 547 575 advorsa
572 517 644 574 lient
632 523 765 591 tneque
788 515 872 573 locus
894 533 992 590 neque

112 601 232 658 amicus
256 600 419 676 quisquam
443 604 536 673 teget,
549 615 639 672 quem
659 613 748 653 arma
769 615 830 653 non
852 597 991 655 texerint.

113 679 286 747 Praeterea,
303 679 424 749 milites,
440 696 500 736 non
515 678 620 735 eadem
641 677 730 734 nobis
744 682 776 734 et
790 676 852 734 illis
866 676 994 735 necessi·
1028 678 1046 736 5

112 761 189 818 tudo
215 759 389 835 impendet;
412 776 467 816 nos
492 775 547 832 pro
571 757 679 832 patria,
696 775 749 833 pro
772 757 913 814 libertate
916 775 992 832 ‚pro

112 841 181 898 vita
197 859 246 898 cer
248 846 356 908 t,amus
372 839 434 896 illis
449 854 707 913 supervacaneum
722 844 770 894 est
784 855 837 914 pro
852 839 969 913 potent'
962 857 991 895 ra

111 938 279 997 paucorum
308 937 451 1012 pugnare
497 919 563 992 Quo
588 918 749 1054 qqssaciqs
758 918 993 1054 pgigpdeqpnipi

112 1019 264 1058 memores
279 1001 427 1075 pristinae
442 999 575 1056 virtutis.
649 983 724 1056 rcurt
736 1017 774 1055 vo
797 1017 902 1056 iseum
912 1018 980 1056 sum

111 1101 165 1138 ma
183 1081 398 1156 turpitudine'
391 1098 422 1137 rn
440 1079 549 1137 exsilio
570 1085 702 1136 aetatem
719 1096 824 1153 agere3
847 1079 992 1155 potuistis
1009 1081 1045 1138 10

112 1161 254 1220 nonnulli
276 1161 391 1218 Rornae
413 1161 536 1217 amissis
549 1161 637 1217 honis
654 1161 769 1217 alienas
784 1178 858 1234 opes
873 1179 994 1236 exspec-

111 1249 194 1301 tare:
220 1242 292 1318 quia
313 1241 365 1299 illa
386 1241 475 1299 foeda
497 1247 587 1316 atque
609 1240 800 1298 intoleranda
818 1241 891 1298 viris
912 1242 993 1299 vidc-

112 1324 233 1392 bantur,
251 1322 325 1379 haec
346 1322 432 1397 sequi
447 1321 634 1379 decrevistis,
678 1320 711 1379 Si
731 1321 805 1378 haec
822 1322 992 1397 relinquere

113 1403 217 1474 v-oltiS,
233 1402 361 1460 audacia
375 1420 452 1478 opus
466 1409 534 1476 est3
557 1420 646 1459 nemo
661 1402 720 1459 nisi
733 1401 918 1477 victorpace
934 1403 993 1460 bel·

111 1483 177 1540 lum
192 1483 332 1540 mutavit.
375 1482 456 1540 Nam
478 1484 510 1539 in
532 1482 606 1557 fuga
627 1481 757 1539 salutern
779 1499 907 1556 sperare,
924 1501 992 1540 curn
1009 1483 1044 1540 15

112 1581 207 1633 arma,
223 1563 334 1638 quibus
348 1581 458 1638 corpus
472 1563 596 1638 tegitur,
614 1564 652 1619 ab
669 1562 809 1619 hostibus
832 1564 989 1634 averteris,
1000 1574 1005 1628 t

111 1662 151 1701 ea
166 1661 237 1700 vero
252 1644 407 1701 dementia
421 1651 476 1702 est.
521 1643 647 1718 Semper
661 1643 692 1699 in
707 1643 824 1718 proelio
834 1644 878 1700 eis
890 1661 993 1700 maxu-

111 1742 198 1781 mum
209 1731 256 1780 est
264 1724 441 1799 periculum,
450 1724 501 1798 qui
512 1741 653 1780 maxume
660 1724 784 1796 timent;
800 1724 928 1780 audacia
937 1741 991 1798 pro

111 1822 200 1862 muro
216 1804 352 1862 hahetur.
398 1803 476 1862 Cum
489 1823 544 1861 vos
559 1804 725 1874 considero,
740 1804 862 1874 milites,
877 1810 990 1862 etcum

111 1884 194 1942 facta
204 1891 309 1942 vostra
319 1891 465 1954 aestumo‚
479 1902 592 1958 magna
602 1901 648 1940 me
661 1901 731 1958 spes
744 1884 887 1941 victoriae
897 1890 988 1942 tenet.
1006 1885 1044 1942 20

111 1965 257 2034 Animus,
279 1971 372 2034 aetas,
396 1964 494 2022 virtus
510 1970 613 2021 vostra
636 1981 683 2020 me
708 1963 885 2037 hortantur3
908 1982 992 2038 prae-

109 2051 197 2102 terea
216 2044 417 2114 necessitudo,
435 2063 512 2118 quae
534 2043 629 2102 etiarn
650 2044 774 2101 timidos
795 2044 888 2102 sortes
908 2045 988 2103 facit.

110 2124 196 2182 Nam
224 2125 388 2182 multitudo
418 2124 553 2182 hostium
581 2142 619 2181 ne
648 2125 866 2182 circumvenire
889 2131 989 2199 queat,

109 2204 275 2281 prohibent
297 2205 457 2280 angustiae
479 2205 545 2262 loci.
590 2203 680 2277 Quod
701 2205 727 2261 si
743 2203 852 2262 virtuti
868 2211 989 2262 vostrae

109 2286 236 2343 fortuna
257 2286 412 2356 inviderit,
431 2291 545 2354 cavete,
562 2283 651 2341 inulti
674 2285 808 2340 animam
831 2285 989 2356 amittatis,
1007 2285 1043 2344 25

110 2383 173 2422 neu
198 2365 280 2440 capti
301 2366 403 2440 potius
427 2365 516 2422 sicuti
540 2382 649 2438 pecora
673 2364 877 2436 trucidemini,
900 2383 991 2442 quam

109 2445 248 2502 virorum
262 2463 344 2502 more
359 2451 532 2520 pugnantes
544 2451 701 2502 cruentam
717 2449 808 2520 atque
818 2445 990 2504 luctuosam

110 2525 272 2582 victoriam
288 2525 427 2582 hostibus
442 2525 651 2599 relinquatis’'

152 2608 199 2663 59.
223 2604 309 2662 Haec
324 2605 375 2661 ubi
390 2606 474 2675 dixit,
490 2605 650 2679 paululum
670 2611 884 2676 commoratus
901 2605 992 2681 signa

111 2702 221 2742 canere
245 2685 340 2759 jubet,
371 2691 460 2761 atque
488 2685 655 2743 instructos
684 2687 805 2744 ordines
833 2687 864 2743 in
890 2687 989 2744 locum
1006 2691 1044 2746 30

111 2783 244 2840 aequum
259 2765 390 2823 deducit.
434 2766 513 2823 Dein
528 2767 654 2824 remotis
669 2768 804 2825 omniurn
819 2767 914 2842 equis,
929 2786 991 2844 quo

110 2846 262 2903 militibus
283 2851 452 2920 exaequato
467 2846 600 2921 periculo
623 2847 743 2904 animus
758 2848 886 2923 amplior
899 2853 990 2917 essct,

110 2927 177 3002 ipse
197 2927 289 3002 pedes
310 2927 474 2984 exercitum
491 2944 545 3001 pro
560 2927 626 2985 loco
639 2934 729 3003 atque
744 2929 841 3004 copiis
855 2928 987 2986 instruit.

112 3005 195 3065 Nam
210 3006 257 3063 uti
278 3007 422 3082 planities
444 3013 510 3065 erat
524 3007 603 3064 inter
618 3007 758 3066 sinistros
773 3014 893 3066 montes
907 3015 938 3065 et
953 3008 990 3065 ab

111 3087 223 3144 dextra
239 3104 311 3162 rupe
337 3105 453 3161 aspera,
468 3093 535 3144 octo
551 3087 721 3146 cohortes
714 3107 745 3145 rn
768 3089 866 3167 fronte
881 3089 991 3146 consti·
956 3089 1043 3147 t35

111 3168 182 3235 tuit,
201 3167 391 3259 reliquarum
412 3167 501 3242 signa
521 3168 553 3224 in
576 3168 783 3226 subsidiot
736 3169 832 3226 artius
854 3168 990 3226 collocat.

113 3247 207 3304 Ab
180 3265 226 3304 ers
241 3247 433 3304 centuriones
448 3265 561 3318 omnes
577 3249 672 3306 lectos
687 3254 718 3306 et
738 3254 890 3318 evocatos,
907 3268 943 3325 pr
946 3267 992 3307 ae

45 3397 47 3402 ,
112 3332 197 3385 terea
212 3345 249 3384 ex
267 3327 416 3401 gregariis
439 3328 587 3385 militibus
602 3335 761 3402 optumum
777 3347 925 3404 quemque
949 3348 992 3386 ar·

113 3415 233 3465 matum
248 3407 280 3464 in
295 3409 421 3482 primam
438 3409 532 3465 aciem
549 3407 776 3466 subducitur).
794 3408 943 3464 Manlium
961 3409 992 3464 in
