2346 3718
119 184 163 248 48
420 200 647 248 c.sannusr1
672 199 795 248 001011

175 360 225 416 nia
240 366 292 416 aut
305 358 418 415 honore
429 358 586 426 extulerat,
596 358 850 416 commonefacere
866 359 988 417 benefici
1003 363 1057 420 sui

174 446 204 495 et
219 458 288 496 eum
303 440 401 514 ipsum
417 439 485 494 aliis
501 445 674 509 ostentare;
695 447 864 514 prostremo
879 459 933 516 pro
955 443 1058 514 cujus-

139 523 140 526 ’
172 539 230 594 que
244 519 366 594 ingenio
377 519 555 594 pollicendo,
565 519 745 588 minitando,
755 519 946 589 obtestando,
956 521 1056 578 alium

173 600 231 658 alio
254 600 343 656 modo
359 600 490 656 excitare
505 620 512 672 3
535 617 601 655 cum
619 600 741 656 interim
758 599 910 669 Metellus,
927 601 1056 675 ignarus

139 681 156 738 5
173 679 426 744 bostium,monte
435 680 614 754 degrediens
622 697 688 736 cum
697 679 839 749 exercitu,
848 683 1053 755 conspicatur,

172 762 269 836 primo
291 760 401 816 dubius
415 761 560 836 quidnam
583 761 709 816 insolita
724 761 817 818 facies
832 763 1057 819 ostenderet—

172 859 242 896 nam
264 842 345 896 inter
361 841 495 915 virgulta
515 841 584 915 equi
605 840 818 916 Numidaeque
841 844 1052 914 consederant,

172 939 267 996 neque
290 920 379 994 plane
395 921 540 978 occultati
557 921 728 978 humilitate
745 922 885 979 arborum
900 933 931 980 et
946 931 1054 980 tamen

171 1001 285 1071 incerti,
309 1002 452 1076 quidnam
475 1014 567 1070 esset,
590 1019 659 1058 cum
682 1009 792 1059 natura
813 1003 870 1060 loci
892 1010 958 1061 tum
980 1005 1053 1062 dolo

119 1083 156 1138 10
173 1081 229 1155 ipsi
254 1091 344 1156 atque
367 1083 456 1156 sigua
484 1083 629 1139 militaria
658 1083 935 1142 obscurati—dein
964 1086 1053 1143 brevi

170 1163 302 1236 cognitis
324 1163 443 1219 insidiis
472 1165 625 1239 paulisper
652 1182 762 1239 agmen
791 1166 957 1226 constituit.
999 1167 1052 1224 Ibi

171 1243 368 1299 commutatis
381 1244 547 1315 ordinibus,
561 1245 591 1300 in
604 1245 839 1314 dexterolatere,
851 1248 931 1322 quod
942 1265 1053 1323 proxu-

170 1341 254 1380 mum
277 1324 382 1380 hostes
409 1332 483 1393 erat,
507 1326 678 1400 triplicibus
707 1327 854 1384 subsidiis
884 1329 977 1384 aciem
1005 1330 1053 1386 in-

171 1405 304 1478 struxit;
326 1405 405 1462 inter
428 1407 601 1481 manipulos
624 1407 793 1464 funditores
815 1414 846 1464 et
867 1410 1051 1482 sagittarios

119 1487 153 1544 15
169 1486 319 1561 dispertit,
344 1487 515 1561 equitatum
538 1505 658 1544 omnem
680 1489 711 1544 in
733 1489 874 1546 cornibus
902 1490 989 1559 locat,
1014 1509 1051 1547 ac

169 1586 267 1642 pauca
294 1585 348 1642 pro
369 1574 504 1642 tempore
532 1568 645 1625 milites
668 1569 809 1626 hortatus
832 1569 939 1648 aciem,¹
958 1571 1050 1627 sicuti

170 1649 364 1716 instruxerat,
373 1649 559 1704 transvorsis
569 1649 724 1724 principiis
736 1651 767 1706 in
778 1650 903 1724 planum
914 1651 1045 1708 deducit.

210 1731 254 1786 50.
280 1728 338 1786 Sed
355 1730 405 1784 ubi
421 1728 574 1786 Numidas
586 1730 707 1806 quietos
722 1749 819 1806 neque
832 1731 906 1788 colle
922 1732 1050 1804 degredi

171 1809 398 1876 animadvortit,
421 1809 537 1866 veritus
565 1828 603 1866 ex
631 1811 701 1867 anni
731 1817 866 1886 tempore
888 1817 918 1868 01
940 1812 1047 1886 inopia

117 1893 154 1948 20
170 1907 275 1964 aquae,
291 1907 328 1946 ne
350 1890 399 1946 siti
416 1890 611 1948 conficeretur
622 1892 781 1962 exereitus,
798 1892 949 1948 Rutilium
967 1892 1051 1966 lega·

169 1977 235 2027 tum
263 1989 331 2027 cum
359 1971 512 2045 expeditis
541 1971 719 2029 cohortibus
740 1978 771 2028 01
790 1979 877 2046 parte
906 1973 1049 2047 equitum

168 2051 327 2126 praemisit
343 2052 381 2108 ad
404 2051 523 2121 flumen,
541 2053 584 2108 uti
601 2052 698 2109 locum
716 2052 825 2109 castris
841 2060 1047 2127 antecaperet,

168 2133 359 2188 existumans
389 2131 493 2190 hostes
522 2133 626 2190 crebro
656 2133 773 2207 impetu
802 2137 833 2189 01
860 2134 1049 2191 transvorsis

167 2213 291 2286 proeliis
313 2213 370 2268 iter
391 2231 480 2269 suum
502 2219 717 2282 remoraturos
732 2219 765 2271 01
786 2214 928 2288 quoniam
952 2214 1048 2272 armis

115 2295 152 2351 25
167 2293 343 2362 diffiderent,
361 2293 578 2351 lassitudinem
601 2301 633 2350 et
657 2293 740 2350 sitim
762 2293 894 2350 militum
915 2299 1050 2368 tempta

168 2381 262 2430 turos.
297 2374 421 2432 Deinde
437 2375 501 2449 ipse
517 2393 572 2449 pro
588 2393 618 2431 re
634 2380 726 2450 atquc
741 2375 816 2444 1000,
834 2374 923 2431 sicuti
939 2381 1047 2432 monte

167 2455 373 2525 descenderat,
390 2455 537 2529 paulatim
554 2456 721 2529 procedere,
736 2454 869 2511 Marium
883 2460 952 2529 post
966 2455 1050 2530 prin-

166 2536 248 2608 cipia
263 2535 382 2604 habere,
399 2535 464 2610 ipse
476 2554 543 2592 cum
562 2536 706 2593 sinistrae
718 2537 784 2592 alae
796 2536 951 2610 equitibus
966 2553 1046 2606 esse,

167 2616 219 2690 qui
235 2616 266 2671 in
282 2616 402 2690 agmine
419 2617 569 2691 principes
584 2617 654 2673 facti
670 2623 765 2673 erant.
810 2615 856 2671 At
875 2614 896 2672 ,J
899 2616 1045 2688 ugurtha,

113 2701 150 2755 30
165 2696 218 2752 ubi
240 2703 409 2753 extremum
433 2716 542 2772 agmen
567 2697 683 2753 Metelli
699 2697 813 2772 primos
829 2713 901 2752 suos
915 2703 1049 2769 praeter-

166 2795 305 2850 gressum
315 2778 407 2846 videt,
417 2778 569 2852 praesidio
578 2778 664 2853 quasi
677 2777 770 2834 duum
779 2777 896 2832 milium
907 2776 1049 2850 peditum

167 2864 300 2914 montem
311 2864 445 2932 occupat,
458 2877 517 2933 qua
533 2858 678 2915 Metellus
693 2857 900 2924 descenderat,
914 2875 950 2912 ne
966 2858 1047 2914 10110

165 2938 342 2995 cedentibus
357 2939 543 2995 advorsariis
557 2939 693 3013 receptui
709 2958 743 2996 ac
757 2945 829 3013 post
851 2937 1046 2994 munimento

165 3019 250 3076 foret.
294 3019 372 3076 Dein
402 3026 524 3093 repente
555 3019 644 3092 signo
670 3020 745 3076 dato
775 3018 878 3074 hostes
913 3017 1044 3076 invadit.

112 3102 148 3158 35
167 3099 319 3156 Numidae
344 3100 395 3157 alii
412 3105 582 3176 postremos
598 3100 730 3168 caedere,
747 3116 819 3174 pars
836 3117 853 3154 a
869 3098 993 3154 sinistra
1008 3117 1048 3156 ac

165 3180 272 3235 dextra
297 3186 454 3254 temptare,
472 3180 582 3236 infensi
605 3180 712 3236 adesse
735 3188 826 3254 atque
844 3179 967 3246 instare,
984 3196 1048 3235 om-

166 3260 255 3315 nibus
271 3260 344 3316 locis
361 3261 572 3316 Romanorum
584 3261 706 3316 ordines
719 3259 1047 3333 conturbare,qu0rum

165 3340 258 3396 etiam
270 3341 321 3414 qui
340 3339 520 3396 firmioribus
537 3339 647 3395 animis
658 3339 739 3394 obvii
756 3339 897 3395 hostibus
913 3340 1047 3410 fuerant,

164 3419 311 3476 ludificati
335 3419 450 3474 incerto
472 3418 597 3493 proelio,
615 3419 673 3493 ipsi
690 3419 780 3476 modo
795 3421 915 3476 eminus
931 3419 1049 3476 saucia-
