2322 3718
282 182 328 228 us
354 178 648 229 oouJURAruouu
673 177 889 227 caranisas.
992 165 1052 228 111

120 340 250 398 miseriti
271 340 368 414 plebis
384 339 550 410 Romanae,
567 338 697 396 decretis
717 337 781 395 suis
801 337 922 413 inopiae
936 339 1001 413 ejus

121 421 265 495 opitulati
282 426 369 493 suut3
393 437 427 476 ac
442 419 618 476 novissume
634 419 779 476 memoria
793 427 906 488 nostra,
917 437 1003 494 prop·

120 509 169 558 ter
192 500 432 574 magnitudinem
449 497 527 556 aeris
549 499 648 569 alieni,
666 499 838 556 volentibus
860 499 1001 556 omnibus

120 581 220 649 bonis,
238 588 397 654 argentum
414 597 482 637 aere
498 580 631 638 solutum
646 588 698 637 est.
745 579 840 655 Saepe
862 579 929 655 ipsa
943 579 1003 654 ple-

121 663 187 732 bes,
201 667 254 718 aut
265 661 441 718 dominandi
453 660 555 717 studio
568 667 713 735 permota,
726 669 778 718 aut
788 659 927 736 superbia
939 678 1001 717 ma-
1035 663 1052 720 5

121 743 318 817 gistratuum,
342 750 460 798 armata
482 758 500 797 a
525 741 663 816 patribus
693 741 827 798 secessit.
878 741 923 797 At
944 757 1000 797 nos

123 840 186 879 non
195 821 355 898 imperium
367 840 462 897 noque
474 821 597 878 divitias
607 821 747 897 petimus
758 838 885 896 quarum
899 838 1000 878 rerum

121 921 218 960 causa
232 903 313 959 bella
334 909 424 978 atque
446 903 612 960 certamina
634 902 736 959 ornnia
756 903 835 958 inter
856 901 1001 958 mortales

123 991 208 1053 sunt,
231 983 283 1040 sed
304 983 485 1053 libertatem,
508 1000 600 1057 quam
622 1000 710 1040 nemo
732 983 831 1039 bonus
853 981 910 1039 nisi
932 999 1001 1038 cum

123 1064 229 1120 anima
239 1063 328 1120 simul
339 1063 460 1120 amittit.
505 1062 548 1120 Te
556 1070 646 1138 atque
657 1069 797 1120 senatum
804 1063 1000 1132 obtestamur,
1019 1065 1054 1121 10

123 1143 291 1202 consulatis
313 1143 431 1200 miseris
455 1143 580 1212 civibus,
603 1143 679 1217 legis
700 1143 896 1218 praesidium,
920 1143 1001 1217 quod

123 1225 273 1298 iniquitas
298 1224 447 1299 praetoris
472 1223 590 1299 eripuit,
607 1225 800 1296 restituatis3
822 1241 897 1280 neve
913 1223 1002 1280 nobis

123 1323 193 1362 cam
214 1305 468 1362 necessitudinem
484 1304 657 1380 imponatis
678 1313 712 1361 ut
727 1322 916 1380 quaeramus,
933 1321 1004 1378 quo-

123 1403 196 1442 nam
212 1386 302 1443 modo
317 1402 458 1442 maxume
478 1385 536 1442 ulti
556 1385 735 1460 sanguinem
751 1392 888 1442 nostrum
902 1401 1004 1460 perea-

122 1470 222 1526 mua''
1019 1472 1055 1528 15

166 1552 213 1607 34.
237 1549 289 1605 Ad
317 1546 391 1605 haec
408 1547 442 1621 Q.
461 1547 595 1606 Marcius
623 1547 787 1623 respondit,
814 1547 934 1623 siquid
963 1550 1002 1605 ab

123 1637 235 1686 senatu
255 1634 356 1704 petere
372 1629 494 1699 vellent,
510 1630 548 1686 ab
570 1629 660 1686 armis
684 1629 851 1702 discedant,
869 1629 1001 1686 Romam

123 1710 279 1785 supplices
307 1709 551 1784 proficiscantur;
583 1729 620 1768 ea
647 1711 881 1768 mansuetudine
911 1717 1002 1786 atque

123 1791 875 1867 misericordiasenatumpopulumqueRomanum
885 1809 1003 1868 semper

123 1872 229 1940 fuisse,
246 1878 280 1930 ut
294 1890 383 1928 nemo
399 1891 540 1948 umquam
562 1875 600 1930 ab
615 1891 650 1930 eo
666 1874 779 1931 frustra
793 1874 937 1930 auxilium
953 1892 1001 1948 pe·
1018 1877 1055 1933 20

122 1953 147 2010 ti
153 1954 238 2010 verit.
282 1954 326 2010 At
343 1954 477 2012 Catilina
499 1956 664 2021 exitinere
678 1956 826 2032 plerisque
842 1955 1003 2012 consulari-

123 2035 193 2104 bus,
203 2041 361 2109 praeterea
370 2044 493 2108 optumo
503 2036 618 2111 cuique,
629 2037 747 2093 litteras
759 2037 863 2106 mittit,
874 2053 906 2092 se
916 2036 1002 2092 falsis

124 2115 306 2172 criminibus
329 2116 577 2187 circumventum,
594 2118 735 2192 quoniam
762 2117 883 2175 factioni
906 2117 1003 2173 inimi-

124 2213 229 2252 corum
253 2196 392 2254 resistere
415 2198 593 2271 nequiverit,
610 2199 747 2255 icaunae
763 2198 876 2267 cedere,
895 2197 1003 2254 Massi-

123 2276 198 2332 liam
210 2277 240 2332 in
250 2277 390 2334 exsilium
399 2277 561 2352 proficisci3
583 2295 642 2335 non
654 2279 779 2354 quesibi
790 2279 868 2335 tanti
881 2279 1000 2335 sceleris
1017 2280 1053 2334 25

124 2357 267 2414 conscius
281 2366 370 2426 esset,
387 2358 440 2415 sed
456 2359 498 2414 uti
514 2375 562 2415 res
577 2358 700 2434 publica
710 2360 813 2433 quieta
828 2359 912 2427 foret,
926 2376 1001 2414 neve

124 2454 165 2494 ex
187 2455 243 2494 sua
262 2439 456 2496 contentione
471 2439 581 2496 seditio
600 2440 737 2497 oriretur.
780 2439 831 2497 Ab
850 2438 897 2494 his
911 2439 1001 2512 longe

125 2519 267 2576 divorsas
282 2518 400 2576 litteras
413 2519 448 2593 Q.
461 2518 589 2578 Catulus
599 2520 629 2576 in
643 2526 750 2577 senatu
765 2520 913 2587 recitavit,
927 2537 1002 2596 quas

125 2598 185 2655 sibi
205 2598 326 2656 nomine
349 2599 501 2658 Catilinae
521 2601 657 2658 redditas
676 2601 812 2658 dicebat:
834 2617 937 2657 earum
952 2619 1003 2656 ex·

125 2679 260 2754 emplum
274 2679 352 2736 infra
366 2681 511 2756 scriptum
527 2687 582 2739 est.
1017 2685 1055 2739 30

168 2763 213 2817 35.
239 2765 254 2790 “
266 2760 300 2817 L.
316 2761 450 2819 Catilina
462 2763 497 2836 Q.
509 2761 628 2819 Catulo.
672 2760 806 2836 Egregia
816 2767 870 2819 tua
883 2761 956 2819 fides
971 2779 1002 2818 re

125 2841 259 2913 cognita,
276 2847 366 2914 grata
385 2842 461 2899 mihi
481 2843 603 2916 magnis
623 2841 654 2897 in
670 2843 746 2899 meis
765 2843 915 2918 periculis,
933 2842 1004 2899 fidu-

125 2920 204 2978 ciam
234 2923 490 2980 commendationi
519 2941 603 2979 meae
631 2922 745 2981 tribuit.
800 2923 1002 2997 Quamobrem

125 3001 335 3059 defensionem
363 3003 395 3060 in
423 3021 504 3059 novo
532 3003 658 3060 consilio
686 3021 745 3060 non
769 3005 863 3061 statui
885 3019 1002 3078 parare,

125 3083 368 3140 satisfactionem
383 3102 420 3140 ex
443 3084 527 3139 nulla
541 3083 728 3140 conscientia
744 3084 780 3140 de
796 3085 884 3158 eulpa
898 3101 1004 3157 propo·
1019 3085 1057 3139 35

124 3181 197 3219 nere
219 3163 348 3232 decrevi,
365 3182 455 3238 quarn
478 3163 609 3220 medius
630 3163 719 3220 fidius
735 3181 837 3218 veram
853 3163 923 3218 licet
937 3180 1005 3235 cog-

125 3261 245 3300 noscas.
289 3243 414 3317 Injuriis
442 3243 692 3316 contumeliisque
721 3242 899 3311 concitatus,
923 3242 1002 3314 quod

126 3325 226 3381 fructu
243 3323 357 3380 laboris
378 3323 606 3398 industriaeque
624 3339 709 3377 meae
732 3321 868 3394 privatus
888 3325 1003 3378 statum

126 3403 289 3480 dignitatis
304 3421 365 3461 non
380 3403 565 3474 obtinebam,
578 3400 732 3476 publicam
748 3400 925 3456 miserorum
938 3415 1006 3454 cau-
