<?xml version="1.0" encoding="UTF-8"?>
<!DOCTYPE html PUBLIC "-//W3C//DTD XHTML 1.0 Transitional//EN"
    "http://www.w3.org/TR/xhtml1/DTD/xhtml1-transitional.dtd">
<html xmlns="http://www.w3.org/1999/xhtml" xml:lang="en" lang="en">
 <head>
  <title>
</title>
<meta http-equiv="Content-Type" content="text/html;charset=utf-8" />
  <meta name='ocr-system' content='tesseract 3.04.00' />
  <meta name='ocr-capabilities' content='ocr_page ocr_carea ocr_par ocr_line ocrx_word'/>
</head>
<body>
  <div class='ocr_page' id='page_1' title='image "./csallusticrispi01stuagoog_0068.png"; bbox 0 0 2346 3718; ppageno 0'>
   <div class='ocr_carea' id='block_1_1' title="bbox 282 183 1066 266">
    <p class='ocr_par' dir='ltr' id='par_1_1' title="bbox 282 183 1066 266">
     <span class='ocr_line' id='line_1_1' title="bbox 282 183 1066 266; baseline 0.006 -27"><span class='ocrx_word' id='word_1_1' title='bbox 282 197 291 220; x_wconf 86' lang='lat'><strong>·</strong></span> <span class='ocrx_word' id='word_1_2' title='bbox 363 193 410 240; x_wconf 86' lang='lat' dir='ltr'><strong>un</strong></span> <span class='ocrx_word' id='word_1_3' title='bbox 431 193 551 242; x_wconf 79' lang='lat' dir='ltr'><strong>suano</strong></span> <span class='ocrx_word' id='word_1_4' title='bbox 577 195 838 266; x_wconf 76' lang='lat' dir='ltr'><strong>ruopnvnmo</strong></span> <span class='ocrx_word' id='word_1_5' title='bbox 1027 183 1066 244; x_wconf 86' lang='lat'><strong>61</strong></span> 
     </span>
    </p>
   </div>
   <div class='ocr_carea' id='block_1_2' title="bbox 134 351 1104 3475">
    <p class='ocr_par' dir='ltr' id='par_1_2' title="bbox 134 351 1014 668">
     <span class='ocr_line' id='line_1_2' title="bbox 135 351 1014 429; baseline 0.003 -21"><span class='ocrx_word' id='word_1_6' title='bbox 135 351 209 421; x_wconf 88' lang='lat' dir='ltr'><strong>suis,</strong></span> <span class='ocrx_word' id='word_1_7' title='bbox 226 351 298 408; x_wconf 90' lang='lat' dir='ltr'><strong>viris</strong></span> <span class='ocrx_word' id='word_1_8' title='bbox 314 352 499 409; x_wconf 80' lang='lat' dir='ltr'>fortissumis</span> <span class='ocrx_word' id='word_1_9' title='bbox 514 360 604 428; x_wconf 89' lang='lat' dir='ltr'><strong>atque</strong></span> <span class='ocrx_word' id='word_1_10' title='bbox 621 354 818 424; x_wconf 88' lang='lat' dir='ltr'><strong>miserrumis,</strong></span> <span class='ocrx_word' id='word_1_11' title='bbox 834 372 950 429; x_wconf 89' lang='lat' dir='ltr'><strong>poenas</strong></span> <span class='ocrx_word' id='word_1_12' title='bbox 967 373 1014 411; x_wconf 91' lang='lat' dir='ltr'><strong>ca-</strong></span> 
     </span>
     <span class='ocr_line' id='line_1_3' title="bbox 134 433 1013 509; baseline 0.005 -21"><span class='ocrx_word' id='word_1_13' title='bbox 134 440 259 507; x_wconf 88' lang='lat' dir='ltr'><strong>perent:</strong></span> <span class='ocrx_word' id='word_1_14' title='bbox 281 439 438 505; x_wconf 89' lang='lat' dir='ltr'><strong>praeterea</strong></span> <span class='ocrx_word' id='word_1_15' title='bbox 460 433 604 507; x_wconf 80' lang='lat' dir='ltr'>praedam</span> <span class='ocrx_word' id='word_1_16' title='bbox 626 435 757 509; x_wconf 89' lang='lat' dir='ltr'><strong>benigne</strong></span> <span class='ocrx_word' id='word_1_17' title='bbox 774 441 918 492; x_wconf 81' lang='lat' dir='ltr'><strong>ostentat.</strong></span> <span class='ocrx_word' id='word_1_18' title='bbox 963 434 1013 493; x_wconf 84' lang='lat' dir='ltr'><strong>Sic</strong></span> 
     </span>
     <span class='ocr_line' id='line_1_4' title="bbox 136 512 1014 591; baseline 0.007 -23"><span class='ocrx_word' id='word_1_19' title='bbox 136 512 249 568; x_wconf 87' lang='lat' dir='ltr'><strong>animis</strong></span> <span class='ocrx_word' id='word_1_20' title='bbox 263 529 367 568; x_wconf 90' lang='lat' dir='ltr'><strong>eorum</strong></span> <span class='ocrx_word' id='word_1_21' title='bbox 383 514 515 583; x_wconf 81' lang='lat' dir='ltr'><strong>arrectis,</strong></span> <span class='ocrx_word' id='word_1_22' title='bbox 526 515 644 589; x_wconf 82' lang='lat' dir='ltr'><strong>equites</strong></span> <span class='ocrx_word' id='word_1_23' title='bbox 659 515 690 570; x_wconf 91' lang='lat' dir='ltr'><strong>in</strong></span> <span class='ocrx_word' id='word_1_24' title='bbox 705 515 803 589; x_wconf 92' lang='lat' dir='ltr'><strong>primo</strong></span> <span class='ocrx_word' id='word_1_25' title='bbox 815 515 884 586; x_wconf 91' lang='lat' dir='ltr'><strong>late,</strong></span> <span class='ocrx_word' id='word_1_26' title='bbox 895 515 1014 591; x_wconf 88' lang='lat' dir='ltr'><strong>pedites</strong></span> 
     </span>
     <span class='ocr_line' id='line_1_5' title="bbox 135 593 886 668; baseline 0.007 -21"><span class='ocrx_word' id='word_1_27' title='bbox 135 610 227 667; x_wconf 86' lang='lat' dir='ltr'><strong>quarn</strong></span> <span class='ocrx_word' id='word_1_28' title='bbox 244 593 407 649; x_wconf 78' lang='lat' dir='ltr'><strong>artissume</strong></span> <span class='ocrx_word' id='word_1_29' title='bbox 423 594 464 650; x_wconf 90' lang='lat' dir='ltr'><strong>ire</strong></span> <span class='ocrx_word' id='word_1_30' title='bbox 479 603 510 649; x_wconf 89' lang='lat' dir='ltr'><strong>et</strong></span> <span class='ocrx_word' id='word_1_31' title='bbox 525 595 614 668; x_wconf 87' lang='lat' dir='ltr'><strong>signa</strong></span> <span class='ocrx_word' id='word_1_32' title='bbox 629 595 780 651; x_wconf 86' lang='lat' dir='ltr'><strong>occultare</strong></span> <span class='ocrx_word' id='word_1_33' title='bbox 791 596 886 668; x_wconf 88' lang='lat' dir='ltr'><strong>jubet.</strong></span> 
     </span>
    </p>

    <p class='ocr_par' dir='ltr' id='par_1_3' title="bbox 134 672 1104 1939">
     <span class='ocr_line' id='line_1_6' title="bbox 179 672 1065 746; baseline 0.007 -17"><span class='ocrx_word' id='word_1_34' title='bbox 179 675 223 729; x_wconf 84' lang='grc'><strong>69.</strong></span> <span class='ocrx_word' id='word_1_35' title='bbox 246 672 408 746; x_wconf 83' lang='lat' dir='ltr'><strong>Vagenses</strong></span> <span class='ocrx_word' id='word_1_36' title='bbox 419 674 469 729; x_wconf 93' lang='lat' dir='ltr'><strong>ubi</strong></span> <span class='ocrx_word' id='word_1_37' title='bbox 480 675 614 731; x_wconf 91' lang='lat' dir='ltr'><strong>animum</strong></span> <span class='ocrx_word' id='word_1_38' title='bbox 629 675 788 731; x_wconf 80' lang='lat' dir='ltr'><strong>advortere</strong></span> <span class='ocrx_word' id='word_1_39' title='bbox 799 676 837 732; x_wconf 89' lang='lat' dir='ltr'><strong>ad</strong></span> <span class='ocrx_word' id='word_1_40' title='bbox 850 693 880 732; x_wconf 89' lang='lat' dir='ltr'><strong>se</strong></span> <span class='ocrx_word' id='word_1_41' title='bbox 891 694 1014 734; x_wconf 90' lang='lat' dir='ltr'><strong>vorsum</strong></span> <span class='ocrx_word' id='word_1_42' title='bbox 1048 679 1065 735; x_wconf 84' lang='lat'><strong>5</strong></span> 
     </span>
     <span class='ocr_line' id='line_1_7' title="bbox 134 752 1013 828; baseline 0.003 -20"><span class='ocrx_word' id='word_1_43' title='bbox 134 752 300 808; x_wconf 85' lang='lat' dir='ltr'><strong>exercitum</strong></span> <span class='ocrx_word' id='word_1_44' title='bbox 330 770 462 828; x_wconf 87' lang='lat' dir='ltr'><strong>pergere,</strong></span> <span class='ocrx_word' id='word_1_45' title='bbox 485 756 592 828; x_wconf 90' lang='lat' dir='ltr'><strong>primo,</strong></span> <span class='ocrx_word' id='word_1_46' title='bbox 617 755 661 811; x_wconf 92' lang='lat' dir='ltr'><strong>uti</strong></span> <span class='ocrx_word' id='word_1_47' title='bbox 684 763 830 828; x_wconf 78' lang='lat' dir='ltr'><strong>matres,</strong></span> <span class='ocrx_word' id='word_1_48' title='bbox 854 755 1013 813; x_wconf 91' lang='lat' dir='ltr'><strong>Metellum</strong></span> 
     </span>
     <span class='ocr_line' id='line_1_8' title="bbox 135 832 1014 911; baseline 0.005 -22"><span class='ocrx_word' id='word_1_49' title='bbox 135 849 203 889; x_wconf 91' lang='lat' dir='ltr'><strong>esse</strong></span> <span class='ocrx_word' id='word_1_50' title='bbox 225 832 294 902; x_wconf 86' lang='lat' dir='ltr'><strong>rati,</strong></span> <span class='ocrx_word' id='word_1_51' title='bbox 310 840 414 907; x_wconf 87' lang='lat' dir='ltr'><strong>portas</strong></span> <span class='ocrx_word' id='word_1_52' title='bbox 436 834 581 904; x_wconf 90' lang='lat' dir='ltr'><strong>clausere,</strong></span> <span class='ocrx_word' id='word_1_53' title='bbox 599 835 707 891; x_wconf 89' lang='lat' dir='ltr'><strong>deinde</strong></span> <span class='ocrx_word' id='word_1_54' title='bbox 729 836 781 892; x_wconf 89' lang='lat' dir='ltr'><strong>ubi</strong></span> <span class='ocrx_word' id='word_1_55' title='bbox 803 854 900 910; x_wconf 89' lang='lat' dir='ltr'><strong>neque</strong></span> <span class='ocrx_word' id='word_1_56' title='bbox 923 853 1014 911; x_wconf 85' lang='lat' dir='ltr'><strong>agros</strong></span> 
     </span>
     <span class='ocr_line' id='line_1_9' title="bbox 135 912 1104 992; baseline 0.006 -25"><span class='ocrx_word' id='word_1_57' title='bbox 135 912 253 968; x_wconf 90' lang='lat' dir='ltr'><strong>vastari</strong></span> <span class='ocrx_word' id='word_1_58' title='bbox 267 918 298 968; x_wconf 88' lang='lat' dir='ltr'><strong>et</strong></span> <span class='ocrx_word' id='word_1_59' title='bbox 311 930 372 982; x_wconf 91' lang='lat' dir='ltr'><strong>eos,</strong></span> <span class='ocrx_word' id='word_1_60' title='bbox 389 915 439 988; x_wconf 93' lang='lat' dir='ltr'><strong>qui</strong></span> <span class='ocrx_word' id='word_1_61' title='bbox 462 915 551 989; x_wconf 89' lang='lat' dir='ltr'><strong>primi</strong></span> <span class='ocrx_word' id='word_1_62' title='bbox 575 916 710 985; x_wconf 85' lang='lat' dir='ltr'><strong>aderant,</strong></span> <span class='ocrx_word' id='word_1_63' title='bbox 724 915 875 972; x_wconf 89' lang='lat' dir='ltr'><strong>Numidas</strong></span> <span class='ocrx_word' id='word_1_64' title='bbox 897 918 1015 992; x_wconf 88' lang='lat' dir='ltr'><strong>equites</strong></span> <span class='ocrx_word' id='word_1_65' title='bbox 1101 961 1104 966; x_wconf 93' lang='lat'><strong>.</strong></span> 
     </span>
     <span class='ocr_line' id='line_1_10' title="bbox 134 993 1015 1070; baseline 0.002 -20"><span class='ocrx_word' id='word_1_66' title='bbox 134 993 253 1063; x_wconf 89' lang='lat' dir='ltr'><strong>vident,</strong></span> <span class='ocrx_word' id='word_1_67' title='bbox 280 1010 399 1049; x_wconf 91' lang='lat' dir='ltr'><strong>rursum</strong></span> <span class='ocrx_word' id='word_1_68' title='bbox 422 994 611 1069; x_wconf 88' lang='lat' dir='ltr'><strong>Jugurtham</strong></span> <span class='ocrx_word' id='word_1_69' title='bbox 642 997 779 1053; x_wconf 88' lang='lat' dir='ltr'><strong>arbitrati</strong></span> <span class='ocrx_word' id='word_1_70' title='bbox 809 1015 877 1054; x_wconf 91' lang='lat' dir='ltr'><strong>cum</strong></span> <span class='ocrx_word' id='word_1_71' title='bbox 902 1015 1015 1070; x_wconf 86' lang='lat' dir='ltr'><strong>magno</strong></span> 
     </span>
     <span class='ocr_line' id='line_1_11' title="bbox 135 1073 1068 1153; baseline 0.005 -24"><span class='ocrx_word' id='word_1_72' title='bbox 135 1073 521 1148; x_wconf 89' lang='lat' dir='ltr'><strong>gaudioobviiproceduut.</strong></span> <span class='ocrx_word' id='word_1_73' title='bbox 567 1076 696 1151; x_wconf 86' lang='lat' dir='ltr'><strong>Equites</strong></span> <span class='ocrx_word' id='word_1_74' title='bbox 706 1077 883 1152; x_wconf 89' lang='lat' dir='ltr'><strong>peditesque</strong></span> <span class='ocrx_word' id='word_1_75' title='bbox 893 1083 1015 1153; x_wconf 88' lang='lat' dir='ltr'><strong>repente</strong></span> <span class='ocrx_word' id='word_1_76' title='bbox 1032 1078 1068 1134; x_wconf 89' lang='grc'><strong>10</strong></span> 
     </span>
     <span class='ocr_line' id='line_1_12' title="bbox 135 1154 1012 1232; baseline 0.002 -22"><span class='ocrx_word' id='word_1_77' title='bbox 135 1155 226 1227; x_wconf 91' lang='lat' dir='ltr'><strong>signo</strong></span> <span class='ocrx_word' id='word_1_78' title='bbox 241 1154 313 1210; x_wconf 88' lang='lat' dir='ltr'><strong>dato</strong></span> <span class='ocrx_word' id='word_1_79' title='bbox 335 1154 386 1210; x_wconf 89' lang='lat' dir='ltr'><strong>alii</strong></span> <span class='ocrx_word' id='word_1_80' title='bbox 402 1155 526 1229; x_wconf 92' lang='lat' dir='ltr'><strong>volgum</strong></span> <span class='ocrx_word' id='word_1_81' title='bbox 542 1157 671 1213; x_wconf 87' lang='lat' dir='ltr'><strong>effusum</strong></span> <span class='ocrx_word' id='word_1_82' title='bbox 688 1157 798 1232; x_wconf 89' lang='lat' dir='ltr'><strong>oppido</strong></span> <span class='ocrx_word' id='word_1_83' title='bbox 813 1157 947 1226; x_wconf 85' lang='lat' dir='ltr'><strong>caedere,</strong></span> <span class='ocrx_word' id='word_1_84' title='bbox 964 1157 1012 1213; x_wconf 88' lang='lat' dir='ltr'><strong>alii</strong></span> 
     </span>
     <span class='ocr_line' id='line_1_13' title="bbox 136 1234 1015 1312; baseline 0.005 -23"><span class='ocrx_word' id='word_1_85' title='bbox 136 1235 176 1290; x_wconf 90' lang='lat' dir='ltr'><strong>ad</strong></span> <span class='ocrx_word' id='word_1_86' title='bbox 198 1241 303 1308; x_wconf 90' lang='lat' dir='ltr'><strong>portas</strong></span> <span class='ocrx_word' id='word_1_87' title='bbox 325 1234 476 1306; x_wconf 82' lang='lat' dir='ltr'><strong>festinare,</strong></span> <span class='ocrx_word' id='word_1_88' title='bbox 493 1255 563 1311; x_wconf 90' lang='lat' dir='ltr'><strong>pars</strong></span> <span class='ocrx_word' id='word_1_89' title='bbox 586 1244 685 1294; x_wconf 89' lang='lat' dir='ltr'><strong>turres</strong></span> <span class='ocrx_word' id='word_1_90' title='bbox 707 1255 831 1312; x_wconf 85' lang='lat' dir='ltr'><strong>capere:</strong></span> <span class='ocrx_word' id='word_1_91' title='bbox 854 1238 899 1295; x_wconf 91' lang='lat' dir='ltr'><strong>ira</strong></span> <span class='ocrx_word' id='word_1_92' title='bbox 921 1244 1015 1310; x_wconf 91' lang='lat' dir='ltr'><strong>atque</strong></span> 
     </span>
     <span class='ocr_line' id='line_1_14' title="bbox 135 1315 1012 1392; baseline 0.005 -23"><span class='ocrx_word' id='word_1_93' title='bbox 135 1315 268 1389; x_wconf 87' lang='lat' dir='ltr'><strong>praedae</strong></span> <span class='ocrx_word' id='word_1_94' title='bbox 276 1332 345 1389; x_wconf 91' lang='lat' dir='ltr'><strong>spes</strong></span> <span class='ocrx_word' id='word_1_95' title='bbox 355 1317 486 1390; x_wconf 87' lang='lat' dir='ltr'><strong>amplius</strong></span> <span class='ocrx_word' id='word_1_96' title='bbox 496 1336 586 1391; x_wconf 88' lang='lat' dir='ltr'><strong>quam</strong></span> <span class='ocrx_word' id='word_1_97' title='bbox 598 1317 750 1375; x_wconf 86' lang='lat' dir='ltr'><strong>lassitudo</strong></span> <span class='ocrx_word' id='word_1_98' title='bbox 761 1336 859 1392; x_wconf 89' lang='lat' dir='ltr'><strong>posse.</strong></span> <span class='ocrx_word' id='word_1_99' title='bbox 896 1319 946 1375; x_wconf 87' lang='lat' dir='ltr'><strong>Ita</strong></span> <span class='ocrx_word' id='word_1_100' title='bbox 954 1317 1012 1373; x_wconf 86' lang='lat' dir='ltr'><strong>Va-</strong></span> 
     </span>
     <span class='ocr_line' id='line_1_15' title="bbox 135 1394 1014 1472; baseline 0.003 -23"><span class='ocrx_word' id='word_1_101' title='bbox 135 1412 248 1468; x_wconf 90' lang='lat' dir='ltr'><strong>genses</strong></span> <span class='ocrx_word' id='word_1_102' title='bbox 269 1394 394 1452; x_wconf 92' lang='lat' dir='ltr'><strong>biduum</strong></span> <span class='ocrx_word' id='word_1_103' title='bbox 416 1398 507 1454; x_wconf 91' lang='lat' dir='ltr'><strong>modo</strong></span> <span class='ocrx_word' id='word_1_104' title='bbox 529 1416 567 1454; x_wconf 86' lang='lat' dir='ltr'><strong>ex</strong></span> <span class='ocrx_word' id='word_1_105' title='bbox 588 1398 714 1472; x_wconf 90' lang='lat' dir='ltr'><strong>perfidia</strong></span> <span class='ocrx_word' id='word_1_106' title='bbox 735 1398 848 1455; x_wconf 87' lang='lat' dir='ltr'><strong>laetati.</strong></span> <span class='ocrx_word' id='word_1_107' title='bbox 893 1398 1014 1456; x_wconf 81' lang='lat' dir='ltr'><strong>Civitas</strong></span> 
     </span>
     <span class='ocr_line' id='line_1_16' title="bbox 135 1476 1068 1554; baseline 0.006 -24"><span class='ocrx_word' id='word_1_108' title='bbox 135 1481 295 1548; x_wconf 80' lang='lat' dir='ltr'><strong>magnast</strong></span> <span class='ocrx_word' id='word_1_109' title='bbox 310 1476 437 1549; x_wconf 85' lang='lat' dir='ltr'><strong>opulens</strong></span> <span class='ocrx_word' id='word_1_110' title='bbox 455 1486 564 1535; x_wconf 88' lang='lat' dir='ltr'><strong>cuncta</strong></span> <span class='ocrx_word' id='word_1_111' title='bbox 585 1496 701 1552; x_wconf 90' lang='lat' dir='ltr'><strong>poenae</strong></span> <span class='ocrx_word' id='word_1_112' title='bbox 723 1486 774 1535; x_wconf 89' lang='lat' dir='ltr'><strong>aut</strong></span> <span class='ocrx_word' id='word_1_113' title='bbox 796 1478 925 1554; x_wconf 85' lang='lat' dir='ltr'><strong>praedae</strong></span> <span class='ocrx_word' id='word_1_114' title='bbox 948 1477 1013 1534; x_wconf 81' lang='lat' dir='ltr'><strong>mit.</strong></span> <span class='ocrx_word' id='word_1_115' title='bbox 1032 1479 1068 1536; x_wconf 87' lang='grc'><strong>15</strong></span> 
     </span>
     <span class='ocr_line' id='line_1_17' title="bbox 136 1555 1017 1633; baseline 0.002 -22"><span class='ocrx_word' id='word_1_116' title='bbox 136 1555 302 1630; x_wconf 72' lang='lat' dir='ltr'><strong>Turpilius</strong></span> <span class='ocrx_word' id='word_1_117' title='bbox 320 1573 408 1630; x_wconf 92' lang='lat' dir='ltr'><strong>quem</strong></span> <span class='ocrx_word' id='word_1_118' title='bbox 431 1559 620 1631; x_wconf 85' lang='lat' dir='ltr'><strong>praefectum</strong></span> <span class='ocrx_word' id='word_1_119' title='bbox 637 1559 740 1633; x_wconf 90' lang='lat' dir='ltr'><strong>oppidi</strong></span> <span class='ocrx_word' id='word_1_120' title='bbox 761 1576 854 1615; x_wconf 90' lang='lat' dir='ltr'><strong>unum</strong></span> <span class='ocrx_word' id='word_1_121' title='bbox 870 1576 907 1614; x_wconf 84' lang='lat' dir='ltr'><strong>ex</strong></span> <span class='ocrx_word' id='word_1_122' title='bbox 923 1558 1017 1614; x_wconf 90' lang='lat' dir='ltr'><strong>omni·</strong></span> 
     </span>
     <span class='ocr_line' id='line_1_18' title="bbox 135 1635 1016 1713; baseline 0.003 -22"><span class='ocrx_word' id='word_1_123' title='bbox 135 1637 195 1692; x_wconf 89' lang='lat' dir='ltr'><strong>bus</strong></span> <span class='ocrx_word' id='word_1_124' title='bbox 216 1635 388 1711; x_wconf 84' lang='lat' dir='ltr'><strong>profugisse</strong></span> <span class='ocrx_word' id='word_1_125' title='bbox 411 1655 502 1711; x_wconf 93' lang='lat' dir='ltr'><strong>supra</strong></span> <span class='ocrx_word' id='word_1_126' title='bbox 517 1639 716 1708; x_wconf 87' lang='lat' dir='ltr'><strong>ostendimus,</strong></span> <span class='ocrx_word' id='word_1_127' title='bbox 735 1641 840 1713; x_wconf 89' lang='lat' dir='ltr'><strong>jussus</strong></span> <span class='ocrx_word' id='word_1_128' title='bbox 856 1657 873 1694; x_wconf 93' lang='lat' dir='ltr'><strong>a</strong></span> <span class='ocrx_word' id='word_1_129' title='bbox 891 1638 1016 1695; x_wconf 88' lang='lat' dir='ltr'><strong>Metello</strong></span> 
     </span>
     <span class='ocr_line' id='line_1_19' title="bbox 136 1716 1016 1794; baseline 0.002 -22"><span class='ocrx_word' id='word_1_130' title='bbox 136 1734 262 1773; x_wconf 88' lang='lat' dir='ltr'><strong>causam</strong></span> <span class='ocrx_word' id='word_1_131' title='bbox 277 1716 382 1787; x_wconf 86' lang='lat' dir='ltr'><strong>dicere,</strong></span> <span class='ocrx_word' id='word_1_132' title='bbox 392 1725 554 1793; x_wconf 90' lang='lat' dir='ltr'><strong>postquam</strong></span> <span class='ocrx_word' id='word_1_133' title='bbox 570 1736 636 1775; x_wconf 87' lang='lat' dir='ltr'><strong>sese</strong></span> <span class='ocrx_word' id='word_1_134' title='bbox 651 1737 757 1794; x_wconf 88' lang='lat' dir='ltr'><strong>parum</strong></span> <span class='ocrx_word' id='word_1_135' title='bbox 773 1725 931 1794; x_wconf 80' lang='lat' dir='ltr'><strong>expurgat,</strong></span> <span class='ocrx_word' id='word_1_136' title='bbox 948 1736 1016 1775; x_wconf 90' lang='lat' dir='ltr'><strong>cou-</strong></span> 
     </span>
     <span class='ocr_line' id='line_1_20' title="bbox 137 1798 1015 1874; baseline 0 -20"><span class='ocrx_word' id='word_1_137' title='bbox 137 1798 300 1856; x_wconf 91' lang='lat' dir='ltr'><strong>demnatus</strong></span> <span class='ocrx_word' id='word_1_138' title='bbox 316 1799 552 1874; x_wconf 87' lang='lat' dir='ltr'><strong>verberatusque</strong></span> <span class='ocrx_word' id='word_1_139' title='bbox 569 1799 667 1874; x_wconf 87' lang='lat' dir='ltr'><strong>eapite</strong></span> <span class='ocrx_word' id='word_1_140' title='bbox 682 1817 796 1874; x_wconf 90' lang='lat' dir='ltr'><strong>poenas</strong></span> <span class='ocrx_word' id='word_1_141' title='bbox 811 1799 922 1857; x_wconf 90' lang='lat' dir='ltr'><strong>solvit:</strong></span> <span class='ocrx_word' id='word_1_142' title='bbox 945 1815 1015 1855; x_wconf 91' lang='lat' dir='ltr'><strong>nam</strong></span> 
     </span>
     <span class='ocr_line' id='line_1_21' title="bbox 137 1879 1070 1939; baseline -0.003 -2"><span class='ocrx_word' id='word_1_143' title='bbox 137 1879 166 1937; x_wconf 89' lang='lat' dir='ltr'><strong>is</strong></span> <span class='ocrx_word' id='word_1_144' title='bbox 180 1879 256 1937; x_wconf 88' lang='lat' dir='ltr'><strong>civis</strong></span> <span class='ocrx_word' id='word_1_145' title='bbox 271 1897 308 1936; x_wconf 86' lang='lat' dir='ltr'><strong>ex</strong></span> <span class='ocrx_word' id='word_1_146' title='bbox 323 1879 414 1936; x_wconf 89' lang='lat' dir='ltr'><strong>Latio</strong></span> <span class='ocrx_word' id='word_1_147' title='bbox 429 1886 502 1939; x_wconf 89' lang='lat' dir='ltr'><strong>erat.</strong></span> <span class='ocrx_word' id='word_1_148' title='bbox 1032 1879 1070 1935; x_wconf 80' lang='lat'><strong>20</strong></span> 
     </span>
    </p>

    <p class='ocr_par' dir='ltr' id='par_1_4' title="bbox 138 1957 1074 3475">
     <span class='ocr_line' id='line_1_22' title="bbox 181 1957 1017 2035; baseline -0.007 -15"><span class='ocrx_word' id='word_1_149' title='bbox 181 1961 225 2020; x_wconf 78' lang='lat' dir='ltr'><strong>to.</strong></span> <span class='ocrx_word' id='word_1_150' title='bbox 250 1961 308 2016; x_wconf 92' lang='lat' dir='ltr'><strong>Per</strong></span> <span class='ocrx_word' id='word_1_151' title='bbox 318 1959 397 2016; x_wconf 90' lang='lat' dir='ltr'><strong>idem</strong></span> <span class='ocrx_word' id='word_1_152' title='bbox 408 1966 529 2035; x_wconf 89' lang='lat' dir='ltr'><strong>tempus</strong></span> <span class='ocrx_word' id='word_1_153' title='bbox 545 1959 707 2030; x_wconf 85' lang='lat' dir='ltr'><strong>Bomilcar,</strong></span> <span class='ocrx_word' id='word_1_154' title='bbox 719 1962 803 2033; x_wconf 89' lang='lat' dir='ltr'><strong>cujus</strong></span> <span class='ocrx_word' id='word_1_155' title='bbox 818 1958 950 2034; x_wconf 89' lang='lat' dir='ltr'><strong>impulsu</strong></span> <span class='ocrx_word' id='word_1_156' title='bbox 963 1957 984 2015; x_wconf 86' lang='lat' dir='ltr'><strong>J</strong></span> <span class='ocrx_word' id='word_1_157' title='bbox 986 1977 1017 2014; x_wconf 92' lang='lat' dir='ltr'><strong>u-</strong></span> 
     </span>
     <span class='ocr_line' id='line_1_23' title="bbox 138 2040 1015 2115; baseline -0.002 -19"><span class='ocrx_word' id='word_1_158' title='bbox 138 2040 252 2114; x_wconf 87' lang='lat' dir='ltr'><strong>gurtha</strong></span> <span class='ocrx_word' id='word_1_159' title='bbox 266 2040 460 2113; x_wconf 87' lang='lat' dir='ltr'><strong>deditionem,</strong></span> <span class='ocrx_word' id='word_1_160' title='bbox 478 2059 568 2115; x_wconf 89' lang='lat' dir='ltr'><strong>quam</strong></span> <span class='ocrx_word' id='word_1_161' title='bbox 589 2047 671 2097; x_wconf 92' lang='lat' dir='ltr'><strong>metu</strong></span> <span class='ocrx_word' id='word_1_162' title='bbox 692 2041 834 2108; x_wconf 88' lang='lat' dir='ltr'><strong>deseruit,</strong></span> <span class='ocrx_word' id='word_1_163' title='bbox 850 2040 1015 2113; x_wconf 81' lang='lat' dir='ltr'><strong>inceperat,</strong></span> 
     </span>
     <span class='ocr_line' id='line_1_24' title="bbox 139 2121 1018 2196; baseline -0.002 -20"><span class='ocrx_word' id='word_1_164' title='bbox 139 2127 299 2194; x_wconf 86' lang='lat' dir='ltr'><strong>suspectus</strong></span> <span class='ocrx_word' id='word_1_165' title='bbox 313 2121 376 2193; x_wconf 89' lang='lat' dir='ltr'><strong>regi</strong></span> <span class='ocrx_word' id='word_1_166' title='bbox 393 2126 423 2177; x_wconf 90' lang='lat' dir='ltr'><strong>et</strong></span> <span class='ocrx_word' id='word_1_167' title='bbox 440 2121 505 2195; x_wconf 90' lang='lat' dir='ltr'><strong>ipse</strong></span> <span class='ocrx_word' id='word_1_168' title='bbox 522 2139 591 2177; x_wconf 91' lang='lat' dir='ltr'><strong>eum</strong></span> <span class='ocrx_word' id='word_1_169' title='bbox 608 2121 778 2196; x_wconf 86' lang='lat' dir='ltr'><strong>suspiciens</strong></span> <span class='ocrx_word' id='word_1_170' title='bbox 794 2139 890 2176; x_wconf 90' lang='lat' dir='ltr'><strong>novas</strong></span> <span class='ocrx_word' id='word_1_171' title='bbox 905 2137 953 2175; x_wconf 89' lang='lat' dir='ltr'><strong>res</strong></span> <span class='ocrx_word' id='word_1_172' title='bbox 970 2137 1018 2175; x_wconf 92' lang='lat' dir='ltr'><strong>cu·</strong></span> 
     </span>
     <span class='ocr_line' id='line_1_25' title="bbox 138 2200 1017 2276; baseline -0.001 -20"><span class='ocrx_word' id='word_1_173' title='bbox 138 2218 219 2275; x_wconf 88' lang='lat' dir='ltr'><strong>pere,</strong></span> <span class='ocrx_word' id='word_1_174' title='bbox 242 2200 281 2257; x_wconf 89' lang='lat' dir='ltr'><strong>ad</strong></span> <span class='ocrx_word' id='word_1_175' title='bbox 302 2200 464 2275; x_wconf 86' lang='lat' dir='ltr'><strong>perniciem</strong></span> <span class='ocrx_word' id='word_1_176' title='bbox 487 2203 552 2274; x_wconf 84' lang='lat' dir='ltr'><strong>ejus</strong></span> <span class='ocrx_word' id='word_1_177' title='bbox 576 2202 679 2258; x_wconf 90' lang='lat' dir='ltr'><strong>dolum</strong></span> <span class='ocrx_word' id='word_1_178' title='bbox 702 2218 855 2276; x_wconf 88' lang='lat' dir='ltr'><strong>quaerere,</strong></span> <span class='ocrx_word' id='word_1_179' title='bbox 878 2200 926 2256; x_wconf 91' lang='lat' dir='ltr'><strong>dic</strong></span> <span class='ocrx_word' id='word_1_180' title='bbox 949 2217 1017 2255; x_wconf 91' lang='lat' dir='ltr'><strong>noc-</strong></span> 
     </span>
     <span class='ocr_line' id='line_1_26' title="bbox 139 2278 1070 2356; baseline -0.001 -20"><span class='ocrx_word' id='word_1_181' title='bbox 139 2287 233 2355; x_wconf 89' lang='lat' dir='ltr'><strong>tuque</strong></span> <span class='ocrx_word' id='word_1_182' title='bbox 249 2281 379 2354; x_wconf 83' lang='lat' dir='ltr'><strong>fatigare</strong></span> <span class='ocrx_word' id='word_1_183' title='bbox 395 2282 546 2352; x_wconf 81' lang='lat' dir='ltr'><strong>animum3</strong></span> <span class='ocrx_word' id='word_1_184' title='bbox 569 2282 700 2356; x_wconf 91' lang='lat' dir='ltr'><strong>denique</strong></span> <span class='ocrx_word' id='word_1_185' title='bbox 716 2281 818 2338; x_wconf 92' lang='lat' dir='ltr'><strong>omnia</strong></span> <span class='ocrx_word' id='word_1_186' title='bbox 837 2278 1017 2354; x_wconf 86' lang='lat' dir='ltr'><strong>temptando</strong></span> <span class='ocrx_word' id='word_1_187' title='bbox 1033 2278 1070 2335; x_wconf 80' lang='lat'><strong>25</strong></span> 
     </span>
     <span class='ocr_line' id='line_1_27' title="bbox 138 2359 1016 2436; baseline -0.003 -19"><span class='ocrx_word' id='word_1_188' title='bbox 138 2362 256 2417; x_wconf 83' lang='lat' dir='ltr'><strong>socium</strong></span> <span class='ocrx_word' id='word_1_189' title='bbox 272 2362 330 2417; x_wconf 85' lang='lat' dir='ltr'><strong>sibi</strong></span> <span class='ocrx_word' id='word_1_190' title='bbox 346 2362 485 2436; x_wconf 87' lang='lat' dir='ltr'><strong>adjungit</strong></span> <span class='ocrx_word' id='word_1_191' title='bbox 500 2361 698 2430; x_wconf 86' lang='lat' dir='ltr'><strong>Nabdalsam,</strong></span> <span class='ocrx_word' id='word_1_192' title='bbox 708 2361 860 2418; x_wconf 89' lang='lat' dir='ltr'><strong>hominem</strong></span> <span class='ocrx_word' id='word_1_193' title='bbox 875 2359 1016 2428; x_wconf 89' lang='lat' dir='ltr'><strong>nobilem,</strong></span> 
     </span>
     <span class='ocr_line' id='line_1_28' title="bbox 141 2439 1017 2517; baseline -0.003 -19"><span class='ocrx_word' id='word_1_194' title='bbox 141 2442 262 2516; x_wconf 88' lang='lat' dir='ltr'><strong>magnis</strong></span> <span class='ocrx_word' id='word_1_195' title='bbox 272 2442 389 2516; x_wconf 75' lang='lat' dir='ltr'><strong>opibus</strong></span> <span class='ocrx_word' id='word_1_196' title='bbox 400 2459 503 2498; x_wconf 89' lang='lat' dir='ltr'><strong>carum</strong></span> <span class='ocrx_word' id='word_1_197' title='bbox 514 2449 729 2517; x_wconf 84' lang='lat' dir='ltr'><strong>acceptumque</strong></span> <span class='ocrx_word' id='word_1_198' title='bbox 739 2439 935 2516; x_wconf 89' lang='lat' dir='ltr'><strong>popularibus</strong></span> <span class='ocrx_word' id='word_1_199' title='bbox 945 2439 1017 2507; x_wconf 88' lang='lat' dir='ltr'><strong>suis,</strong></span> 
     </span>
     <span class='ocr_line' id='line_1_29' title="bbox 142 2521 1019 2596; baseline -0.001 -20"><span class='ocrx_word' id='word_1_200' title='bbox 142 2523 194 2595; x_wconf 92' lang='lat' dir='ltr'><strong>qui</strong></span> <span class='ocrx_word' id='word_1_201' title='bbox 217 2522 391 2596; x_wconf 86' lang='lat' dir='ltr'><strong>plerumque</strong></span> <span class='ocrx_word' id='word_1_202' title='bbox 407 2540 542 2579; x_wconf 90' lang='lat' dir='ltr'><strong>seorsum</strong></span> <span class='ocrx_word' id='word_1_203' title='bbox 566 2524 603 2578; x_wconf 91' lang='lat' dir='ltr'><strong>ab</strong></span> <span class='ocrx_word' id='word_1_204' title='bbox 619 2540 690 2596; x_wconf 82' lang='lat' dir='ltr'><strong>rege</strong></span> <span class='ocrx_word' id='word_1_205' title='bbox 709 2521 873 2578; x_wconf 87' lang='lat' dir='ltr'><strong>exercitum</strong></span> <span class='ocrx_word' id='word_1_206' title='bbox 895 2521 1019 2576; x_wconf 86' lang='lat' dir='ltr'><strong>ductare</strong></span> 
     </span>
     <span class='ocr_line' id='line_1_30' title="bbox 141 2599 1016 2677; baseline -0.005 -19"><span class='ocrx_word' id='word_1_207' title='bbox 141 2611 172 2658; x_wconf 90' lang='lat' dir='ltr'><strong>et</strong></span> <span class='ocrx_word' id='word_1_208' title='bbox 194 2619 298 2659; x_wconf 89' lang='lat' dir='ltr'><strong>omnes</strong></span> <span class='ocrx_word' id='word_1_209' title='bbox 319 2620 367 2660; x_wconf 88' lang='lat' dir='ltr'><strong>res</strong></span> <span class='ocrx_word' id='word_1_210' title='bbox 382 2602 508 2677; x_wconf 86' lang='lat' dir='ltr'><strong>exsequi</strong></span> <span class='ocrx_word' id='word_1_211' title='bbox 530 2603 639 2660; x_wconf 89' lang='lat' dir='ltr'><strong>solitus</strong></span> <span class='ocrx_word' id='word_1_212' title='bbox 660 2609 733 2670; x_wconf 90' lang='lat' dir='ltr'><strong>erat,</strong></span> <span class='ocrx_word' id='word_1_213' title='bbox 750 2619 826 2677; x_wconf 90' lang='lat' dir='ltr'><strong>quae</strong></span> <span class='ocrx_word' id='word_1_214' title='bbox 842 2599 1016 2674; x_wconf 86' lang='lat' dir='ltr'><strong>Jugurthae</strong></span> 
     </span>
     <span class='ocr_line' id='line_1_31' title="bbox 141 2679 1072 2757; baseline -0.003 -20"><span class='ocrx_word' id='word_1_215' title='bbox 141 2682 223 2738; x_wconf 85' lang='lat' dir='ltr'><strong>fesso</strong></span> <span class='ocrx_word' id='word_1_216' title='bbox 240 2690 292 2739; x_wconf 91' lang='lat' dir='ltr'><strong>aut</strong></span> <span class='ocrx_word' id='word_1_217' title='bbox 307 2684 472 2757; x_wconf 89' lang='lat' dir='ltr'><strong>majoribus</strong></span> <span class='ocrx_word' id='word_1_218' title='bbox 488 2683 633 2740; x_wconf 90' lang='lat' dir='ltr'><strong>adstricto</strong></span> <span class='ocrx_word' id='word_1_219' title='bbox 651 2688 885 2757; x_wconf 89' lang='lat' dir='ltr'><strong>superaverant:</strong></span> <span class='ocrx_word' id='word_1_220' title='bbox 908 2699 945 2738; x_wconf 89' lang='lat' dir='ltr'><strong>ex</strong></span> <span class='ocrx_word' id='word_1_221' title='bbox 959 2697 1018 2754; x_wconf 92' lang='lat' dir='ltr'><strong>quo</strong></span> <span class='ocrx_word' id='word_1_222' title='bbox 1035 2679 1072 2736; x_wconf 88' lang='lat'><strong>30</strong></span> 
     </span>
     <span class='ocr_line' id='line_1_32' title="bbox 142 2762 1020 2839; baseline -0.005 -21"><span class='ocrx_word' id='word_1_223' title='bbox 142 2762 187 2818; x_wconf 91' lang='lat' dir='ltr'><strong>illi</strong></span> <span class='ocrx_word' id='word_1_224' title='bbox 203 2762 300 2836; x_wconf 83' lang='lat' dir='ltr'><strong>gloria</strong></span> <span class='ocrx_word' id='word_1_225' title='bbox 315 2782 446 2839; x_wconf 91' lang='lat' dir='ltr'><strong>opesque</strong></span> <span class='ocrx_word' id='word_1_226' title='bbox 468 2764 620 2821; x_wconf 87' lang='lat' dir='ltr'><strong>inventae.</strong></span> <span class='ocrx_word' id='word_1_227' title='bbox 664 2763 766 2837; x_wconf 86' lang='lat' dir='ltr'><strong>Igitur</strong></span> <span class='ocrx_word' id='word_1_228' title='bbox 780 2763 937 2837; x_wconf 88' lang='lat' dir='ltr'><strong>utriusque</strong></span> <span class='ocrx_word' id='word_1_229' title='bbox 953 2778 1020 2817; x_wconf 91' lang='lat' dir='ltr'><strong>con-</strong></span> 
     </span>
     <span class='ocr_line' id='line_1_33' title="bbox 141 2843 1018 2917; baseline -0.006 -17"><span class='ocrx_word' id='word_1_230' title='bbox 141 2843 211 2900; x_wconf 89' lang='lat' dir='ltr'><strong>silio</strong></span> <span class='ocrx_word' id='word_1_231' title='bbox 227 2845 292 2901; x_wconf 88' lang='lat' dir='ltr'><strong>dias</strong></span> <span class='ocrx_word' id='word_1_232' title='bbox 308 2844 427 2901; x_wconf 90' lang='lat' dir='ltr'><strong>insidiis</strong></span> <span class='ocrx_word' id='word_1_233' title='bbox 443 2845 608 2917; x_wconf 88' lang='lat' dir='ltr'><strong>statuitur;</strong></span> <span class='ocrx_word' id='word_1_234' title='bbox 630 2850 737 2912; x_wconf 88' lang='lat' dir='ltr'><strong>cetera,</strong></span> <span class='ocrx_word' id='word_1_235' title='bbox 752 2843 795 2899; x_wconf 88' lang='lat' dir='ltr'><strong>uti</strong></span> <span class='ocrx_word' id='word_1_236' title='bbox 809 2861 857 2900; x_wconf 89' lang='lat' dir='ltr'><strong>res</strong></span> <span class='ocrx_word' id='word_1_237' title='bbox 873 2845 1018 2916; x_wconf 89' lang='lat' dir='ltr'><strong>posceret,</strong></span> 
     </span>
     <span class='ocr_line' id='line_1_34' title="bbox 141 2922 1020 3000; baseline -0.008 -19"><span class='ocrx_word' id='word_1_238' title='bbox 141 2942 179 2981; x_wconf 86' lang='lat' dir='ltr'><strong>ex</strong></span> <span class='ocrx_word' id='word_1_239' title='bbox 194 2930 328 2999; x_wconf 90' lang='lat' dir='ltr'><strong>tempore</strong></span> <span class='ocrx_word' id='word_1_240' title='bbox 343 2925 442 3000; x_wconf 90' lang='lat' dir='ltr'><strong>parari</strong></span> <span class='ocrx_word' id='word_1_241' title='bbox 459 2925 580 2999; x_wconf 85' lang='lat' dir='ltr'><strong>placuit.</strong></span> <span class='ocrx_word' id='word_1_242' title='bbox 625 2924 784 2981; x_wconf 86' lang='lat' dir='ltr'><strong>Nabdalsa</strong></span> <span class='ocrx_word' id='word_1_243' title='bbox 800 2924 839 2980; x_wconf 88' lang='lat' dir='ltr'><strong>ad</strong></span> <span class='ocrx_word' id='word_1_244' title='bbox 853 2922 1020 2979; x_wconf 85' lang='lat' dir='ltr'><strong>exercitum</strong></span> 
     </span>
     <span class='ocr_line' id='line_1_35' title="bbox 141 3003 1021 3081; baseline -0.007 -21"><span class='ocrx_word' id='word_1_245' title='bbox 141 3005 304 3081; x_wconf 85' lang='lat' dir='ltr'><strong>profectus,</strong></span> <span class='ocrx_word' id='word_1_246' title='bbox 328 3023 417 3080; x_wconf 90' lang='lat' dir='ltr'><strong>quem</strong></span> <span class='ocrx_word' id='word_1_247' title='bbox 439 3006 518 3061; x_wconf 88' lang='lat' dir='ltr'><strong>inter</strong></span> <span class='ocrx_word' id='word_1_248' title='bbox 540 3005 666 3062; x_wconf 89' lang='lat' dir='ltr'><strong>hiberna</strong></span> <span class='ocrx_word' id='word_1_249' title='bbox 688 3005 898 3062; x_wconf 88' lang='lat' dir='ltr'><strong>Romanorum</strong></span> <span class='ocrx_word' id='word_1_250' title='bbox 915 3003 1021 3075; x_wconf 90' lang='lat' dir='ltr'><strong>jussus</strong></span> 
     </span>
     <span class='ocr_line' id='line_1_36' title="bbox 143 3079 1074 3159; baseline -0.008 -17"><span class='ocrx_word' id='word_1_251' title='bbox 143 3086 285 3155; x_wconf 89' lang='lat' dir='ltr'><strong>habebat,</strong></span> <span class='ocrx_word' id='word_1_252' title='bbox 310 3103 347 3142; x_wconf 87' lang='lat' dir='ltr'><strong>ne</strong></span> <span class='ocrx_word' id='word_1_253' title='bbox 373 3103 445 3159; x_wconf 86' lang='lat' dir='ltr'><strong>ager</strong></span> <span class='ocrx_word' id='word_1_254' title='bbox 465 3084 572 3141; x_wconf 90' lang='lat' dir='ltr'><strong>inultis</strong></span> <span class='ocrx_word' id='word_1_255' title='bbox 598 3085 738 3142; x_wconf 89' lang='lat' dir='ltr'><strong>hostibus</strong></span> <span class='ocrx_word' id='word_1_256' title='bbox 760 3087 943 3140; x_wconf 88' lang='lat' dir='ltr'><strong>vastaretur.</strong></span> <span class='ocrx_word' id='word_1_257' title='bbox 987 3080 1020 3136; x_wconf 91' lang='lat' dir='ltr'><strong>Is</strong></span> <span class='ocrx_word' id='word_1_258' title='bbox 1036 3079 1074 3136; x_wconf 79' lang='lat'><strong>35</strong></span> 
     </span>
     <span class='ocr_line' id='line_1_37' title="bbox 142 3162 1023 3242; baseline -0.008 -21"><span class='ocrx_word' id='word_1_259' title='bbox 142 3174 308 3242; x_wconf 88' lang='lat' dir='ltr'><strong>postquam</strong></span> <span class='ocrx_word' id='word_1_260' title='bbox 330 3165 541 3238; x_wconf 85' lang='lat' dir='ltr'><strong>magnitudine</strong></span> <span class='ocrx_word' id='word_1_261' title='bbox 556 3165 700 3222; x_wconf 88' lang='lat' dir='ltr'><strong>facinoris</strong></span> <span class='ocrx_word' id='word_1_262' title='bbox 722 3164 879 3239; x_wconf 85' lang='lat' dir='ltr'><strong>perculsus</strong></span> <span class='ocrx_word' id='word_1_263' title='bbox 895 3162 934 3218; x_wconf 90' lang='lat' dir='ltr'><strong>ad</strong></span> <span class='ocrx_word' id='word_1_264' title='bbox 949 3166 1023 3216; x_wconf 88' lang='lat' dir='ltr'><strong>teru-</strong></span> 
     </span>
     <span class='ocr_line' id='line_1_38' title="bbox 142 3241 1018 3321; baseline -0.008 -19"><span class='ocrx_word' id='word_1_265' title='bbox 142 3265 202 3321; x_wconf 91' lang='lat' dir='ltr'><strong>pus</strong></span> <span class='ocrx_word' id='word_1_266' title='bbox 219 3263 279 3303; x_wconf 92' lang='lat' dir='ltr'><strong>non</strong></span> <span class='ocrx_word' id='word_1_267' title='bbox 294 3245 379 3302; x_wconf 89' lang='lat' dir='ltr'><strong>venit</strong></span> <span class='ocrx_word' id='word_1_268' title='bbox 395 3252 553 3319; x_wconf 87' lang='lat' dir='ltr'><strong>metusque</strong></span> <span class='ocrx_word' id='word_1_269' title='bbox 568 3262 632 3301; x_wconf 88' lang='lat' dir='ltr'><strong>rem</strong></span> <span class='ocrx_word' id='word_1_270' title='bbox 646 3244 839 3319; x_wconf 86' lang='lat' dir='ltr'><strong>impediebat,</strong></span> <span class='ocrx_word' id='word_1_271' title='bbox 855 3241 1018 3307; x_wconf 88' lang='lat' dir='ltr'><strong>Bomilcar,</strong></span> 
     </span>
     <span class='ocr_line' id='line_1_39' title="bbox 144 3320 1020 3399; baseline -0.01 -17"><span class='ocrx_word' id='word_1_272' title='bbox 144 3326 235 3382; x_wconf 91' lang='lat' dir='ltr'><strong>simul</strong></span> <span class='ocrx_word' id='word_1_273' title='bbox 247 3326 375 3399; x_wconf 90' lang='lat' dir='ltr'><strong>cupidus</strong></span> <span class='ocrx_word' id='word_1_274' title='bbox 390 3325 511 3398; x_wconf 92' lang='lat' dir='ltr'><strong>incepta</strong></span> <span class='ocrx_word' id='word_1_275' title='bbox 522 3325 664 3399; x_wconf 89' lang='lat' dir='ltr'><strong>patrandi</strong></span> <span class='ocrx_word' id='word_1_276' title='bbox 674 3331 704 3380; x_wconf 90' lang='lat' dir='ltr'><strong>et</strong></span> <span class='ocrx_word' id='word_1_277' title='bbox 712 3324 819 3379; x_wconf 88' lang='lat' dir='ltr'><strong>timore</strong></span> <span class='ocrx_word' id='word_1_278' title='bbox 830 3322 891 3378; x_wconf 87' lang='lat' dir='ltr'><strong>soei</strong></span> <span class='ocrx_word' id='word_1_279' title='bbox 904 3320 1020 3389; x_wconf 86' lang='lat' dir='ltr'><strong>anxius,</strong></span> 
     </span>
     <span class='ocr_line' id='line_1_40' title="bbox 144 3400 1021 3475; baseline -0.013 -13"><span class='ocrx_word' id='word_1_280' title='bbox 144 3424 182 3462; x_wconf 87' lang='lat' dir='ltr'><strong>ne</strong></span> <span class='ocrx_word' id='word_1_281' title='bbox 198 3405 311 3462; x_wconf 91' lang='lat' dir='ltr'><strong>omisso</strong></span> <span class='ocrx_word' id='word_1_282' title='bbox 327 3410 427 3462; x_wconf 88' lang='lat' dir='ltr'><strong>vetere</strong></span> <span class='ocrx_word' id='word_1_283' title='bbox 450 3404 577 3462; x_wconf 88' lang='lat' dir='ltr'><strong>consilio</strong></span> <span class='ocrx_word' id='word_1_284' title='bbox 594 3419 706 3458; x_wconf 90' lang='lat' dir='ltr'><strong>novum</strong></span> <span class='ocrx_word' id='word_1_285' title='bbox 721 3406 886 3475; x_wconf 86' lang='lat' dir='ltr'><strong>quaereret,</strong></span> <span class='ocrx_word' id='word_1_286' title='bbox 903 3400 1021 3454; x_wconf 89' lang='lat' dir='ltr'><strong>litteras</strong></span> 
     </span>
    </p>
   </div>
   <div class='ocr_carea' id='block_1_3' title="bbox 0 0 1184 3718">
    <p class='ocr_par' dir='ltr' id='par_1_5' title="bbox 0 0 1184 3718">
     <span class='ocr_line' id='line_1_41' title="bbox 0 0 1184 3718; baseline 0 0"><span class='ocrx_word' id='word_1_287' title='bbox 0 0 1184 3718; x_wconf 95' lang='lat' dir='ltr'><strong> </strong></span> 
     </span>
    </p>
   </div>
  </div>
 </body>
</html>
