2322 3718
98 133 162 198 116
383 141 610 191 c.sattusr1
636 139 760 188 cersrr

77 310 79 315 '
152 301 369 377 conjurationis
391 304 486 370 erant,
507 297 633 375 paratis
649 301 684 354 ut
704 295 895 366 videbantur,
912 297 1042 370 magnis

153 382 255 457 copiis,
283 381 507 437 constituerant
528 379 582 448 nti,
605 395 674 435 cum
698 375 833 434 Catilina
863 375 895 431 in
926 393 1042 449 agrum

153 461 358 520 Faesulanum
374 477 442 517 cum
457 459 591 516 exercitu
604 458 746 526 venisset,
764 456 798 512 L.
816 455 924 512 Bestia
942 455 1042 511 tribu-

153 559 211 598 nus
236 541 334 616 plebis
357 539 500 598 concione
526 538 632 596 habita
652 541 827 612 quereretur
848 535 885 591 de
910 535 1044 592 actioni-

121 625 138 681 5
155 623 211 680 bus
225 621 389 690 Ciceronis,
401 619 532 694 bellique
548 617 733 692 gravissumi
745 615 892 672 invidiam
906 621 1042 690 optumo

154 701 271 760 consuli
291 700 477 775 imponeret,
500 717 535 756 eo
551 699 640 772 signo
661 713 809 770 proxuma
826 701 914 751 nocte
934 701 1045 752 cetera

154 781 318 840 multitudo
351 777 570 854 conjurationis
600 795 688 834 suum
718 777 844 850 quisque
874 776 1045 848 negotium

155 865 376 936 exsequeretur,
421 859 481 917 Sed
496 877 533 916 ea
549 858 649 915 divisa
664 857 721 914 hoc
735 856 826 912 modo
838 855 1045 913 dicebantur:
1145 857 1152 874 '

156 941 298 998 Statilius
312 947 344 998 et
355 939 503 999 Gabinius
512 939 557 996 uti
570 956 638 996 cum
649 955 762 1011 magna
772 953 864 993 manu
873 936 1048 993 duodecim

105 1022 140 1079 10
156 1021 245 1078 simul
261 1026 431 1096 opportuna
440 1021 506 1077 loca
517 1018 600 1076 urbis
612 1018 816 1086 incenderent,
826 1034 885 1092 quo
897 1017 1048 1074 tumultu
1157 1036 1158 1051 ¹

158 1100 274 1157 facilior
295 1101 398 1157 aditus
414 1101 452 1157 ad
468 1099 624 1158 consulem
640 1105 823 1172 ceterosque,
840 1097 952 1172 quibus
966 1098 1051 1155 insi-

156 1181 222 1238 diae
237 1181 430 1255 parabantur,
447 1180 551 1253 fieret;
575 1179 731 1254 Cethegus
742 1177 895 1236 Ciceronis
905 1179 1049 1251 januam

82 1301 86 1304 v
157 1259 308 1318 obsideret
318 1279 445 1335 eumque
452 1261 483 1317 vi
495 1260 720 1334 aggrederetur,
729 1259 805 1316 alius
815 1263 916 1315 autem
928 1258 1050 1334 alium3

156 1341 210 1397 sed
232 1339 284 1396 filii
307 1339 499 1412 familiarum,
516 1357 645 1415 quornm
660 1357 698 1396 ex
718 1339 876 1396 nobilitate
892 1356 1050 1396 maxuma

105 1421 140 1478 15
156 1438 226 1495 pars
247 1425 320 1491 erat,
335 1426 479 1496 parentes
496 1419 706 1489 interficerent,
724 1419 815 1476 simul
834 1419 926 1475 caede
942 1424 974 1476 et
998 1421 1050 1476 in·
1148 1421 1154 1426 ’

156 1501 263 1557 cendio
280 1500 425 1575 perculsis
437 1500 585 1571 omnibus,
603 1501 641 1557 ad
655 1500 821 1558 Catilinam
834 1506 1047 1572 erumperent.

158 1579 244 1638 Inter
265 1579 339 1650 haec
358 1585 468 1656 parata
489 1585 579 1655 atque
600 1581 723 1638 decreta
739 1578 895 1653 Cethegus
916 1597 1049 1655 semper
1157 1570 1158 1579 ¹

156 1661 338 1734 querebatur
369 1661 405 1718 de
434 1661 560 1735 ignavia
581 1661 749 1732 sociorum3
776 1659 845 1716 illos
866 1659 1047 1718 dubitando
1157 1692 1158 1707 κ

156 1745 188 1797 et
211 1740 275 1797 dies
295 1741 475 1816 prolatando
496 1757 626 1815 magnas
646 1739 892 1815 opportunitates
906 1756 1048 1796 corrum-

105 1820 142 1877 20
157 1837 244 1894 pere;
266 1821 355 1890 factu,
372 1839 433 1878 non
448 1821 595 1891 consulte,
607 1821 638 1876 in
654 1820 707 1877 tali
724 1819 859 1894 periculo
871 1837 948 1894 opus
959 1836 1044 1890 esse,

158 1917 259 1974 seque,
280 1901 306 1956 si
327 1901 414 1975 pauci
438 1901 628 1975 adjuvarent,
649 1899 868 1973 languentibus
890 1900 966 1969 aliis
982 1900 1046 1956 im-

157 1985 261 2055 petum
286 1980 318 2036 in
343 1981 458 2038 curiam
484 1981 644 2040 facturum.
687 1979 808 2038 Natura
833 1978 924 2049 ferox,
949 1979 1045 2038 vehe-
1151 2003 1159 2018 ¹*

120 2062 123 2067 '
157 2077 251 2127 mens,
268 2078 360 2116 manu
384 2067 546 2136 promptus
567 2065 649 2136 erat;
670 2077 847 2118 maxumum
872 2059 983 2116 bonum
1006 2061 1044 2118 in

157 2139 311 2197 celeritate
325 2141 460 2214 putabat.

105 2221 141 2278 25
198 2222 242 2276 44.
267 2219 327 2278 Sed
349 2207 533 2296 Allobrdges
561 2239 599 2279 cx
619 2224 781 2296 praecepto
804 2219 961 2278 Ciceronis
981 2238 1043 2294 per

159 2299 321 2358 Gabinium
336 2307 451 2358 ceteros
467 2302 659 2362 conveniunt.
702 2301 753 2360 Ab
768 2299 910 2370 Lentulo,
928 2300 1042 2358 Cethe-

157 2397 206 2454 go,
236 2379 367 2450 Statilio,
391 2381 464 2438 item
493 2381 602 2439 Cassio
626 2381 785 2458 postulant
812 2381 1039 2456 jusjurandum,

156 2460 237 2534 quod
266 2459 422 2534 signatum
451 2462 490 2520 ad
519 2462 601 2519 cives
629 2462 798 2537 perferant:
835 2461 924 2517 aliter
953 2459 1039 2520 haud

157 2539 243 2596 facile
255 2557 307 2596 eos
320 2541 358 2597 ad
367 2546 487 2598 tantum
503 2541 660 2616 negotium
671 2541 785 2616 impelli
796 2557 893 2616 posse.
933 2539 1039 2600 Ceteri

102 2622 140 2678 30
157 2618 230 2675 nihil
258 2621 449 2693 suspicantes
478 2622 573 2695 dant;
610 2620 737 2679 Cassius
761 2626 857 2680 semet
884 2637 920 2677 eo
949 2621 1038 2678 brevi

156 2705 318 2758 venturum
339 2701 506 2774 pollicetur,
525 2719 559 2758 ac
578 2701 669 2776 paulo
686 2707 755 2760 ante
775 2701 893 2774 legatos
908 2717 946 2760 ex
961 2702 1037 2760 urbe

155 2778 363 2853 proficiscitur.
407 2779 557 2840 Lentulus
569 2800 636 2838 cum
649 2782 693 2838 eis
701 2781 734 2839 Τ.
743 2781 935 2838 Volturcium
944 2799 1038 2856 quen-

156 2860 226 2918 dam
241 2857 471 2918 Crotoniensem
481 2861 585 2931 mittit,
598 2867 632 2919 ut
647 2862 837 2935 Allobroges
846 2862 930 2934 prius
942 2879 1037 2935 quam

156 2939 277 2998 domum
293 2948 463 3015 pergerent,
475 2959 543 2998 cum
561 2941 696 2999 Catilina
710 2941 784 2998 data
800 2947 891 3016 atque
907 2948 1035 3015 accepta

102 3021 139 3076 35
156 3018 625 3082 fidesocietatemconfirmarent.
668 3021 1036 3095 lpseVolturciolitteras

155 3100 193 3156 ad
210 3099 376 3158 Catilinam
392 3102 453 3164 dat,
464 3119 592 3175 quarum
607 3101 777 3173 exemplum
792 3101 1033 3175 infrascriptum

154 3184 214 3232 cst:
240 3179 345 3248 “Quis
361 3179 426 3245 sim,
443 3197 539 3246 exeo,
556 3195 645 3251 quem
662 3179 699 3237 ad
715 3184 744 3234 te
760 3180 838 3247 misi,
856 3197 1033 3251 cognosces.

156 3253 218 3308 Fac
228 3255 346 3324 cogites
358 3256 511 3328 inquauta
526 3257 699 3312 calamitate
710 3257 760 3324 sic,
769 3262 800 3312 et
810 3259 987 3316 memineris
1002 3265 1035 3318 to

156 3330 340 3392 virumcsse.
379 3332 1033 3410 Consideresquidtuaeratiouespostulent.
