2346 3718
362 209 409 256 nn
435 207 557 256 annno
582 208 842 256 Jnouarnmo
1027 191 1069 256 51

132 370 221 426 missi
236 369 355 443 equites
371 386 434 425 rem
449 369 700 444 exploravissent.
746 365 848 442 Igitur
862 384 916 442 pro
931 373 1015 424 metu

131 460 255 524 repente
271 449 416 523 gaudium
433 458 590 521 exortum;
613 449 726 504 milites
742 449 820 504 alius
835 447 927 504 aliurn
943 448 1014 505 laeti

131 530 296 605 appellant,
314 536 381 587 acta
406 530 535 585 edocent
556 536 646 604 atque
663 528 799 598 audiunt,
817 546 873 584 sua
887 528 1014 604 quisque

131 611 225 667 fortia
249 611 328 667 lacta
354 610 391 666 ad
407 610 602 666 caelumlcrt.
649 609 769 684 Quippe
791 627 839 665 res
863 608 1013 666 humanae

129 693 175 748 ita
184 709 251 748 sese
262 690 390 747 habeut:
414 690 445 746 in
456 690 585 746 victoria
596 688 642 747 vel
658 689 780 764 ignavis
795 690 919 764 gloriari
934 690 1013 760 licet,
1050 694 1067 749 5

131 773 281 828 advorsae
297 789 345 827 res
360 771 455 827 etiam
470 772 565 827 bonos
580 771 759 828 detrectant.

172 855 219 910 54.
244 851 388 908 Metellus
403 853 434 907 iu
449 851 564 908 eisdem
576 851 686 909 castris
700 851 861 927 quatriduo
877 858 1014 911 moratus

131 934 253 992 saucios
275 951 343 990 cum
367 949 439 990 cura
463 932 564 1003 reficit,
581 932 705 990 meritos
730 933 761 989 iu
784 933 908 1009 proeliis
931 952 1013 992 more

130 1015 261 1071 militiae
283 1013 384 1084 donat,
400 1014 564 1071 univorsos
583 1015 616 1070 iu
639 1014 781 1071 concione
797 1014 903 1071 laudat
924 1022 1013 1090 atque

130 1097 197 1170 agit
219 1095 356 1170 gratias3
380 1094 522 1152 hortatur
544 1095 583 1152 ad
605 1101 713 1165 cetera,
730 1113 806 1170 quae
828 1095 909 1152 levia
931 1105 1011 1166 sunt,
1030 1099 1066 1154 10

128 1195 234 1252 parem
252 1176 385 1232 animum
403 1181 528 1249 gerant:
551 1193 605 1250 pro
622 1176 751 1232 victoria
767 1176 843 1232 satis
859 1178 925 1250 Jam
940 1195 1015 1252 pug-

129 1265 248 1326 natum,
273 1257 406 1332 reliquos
428 1257 549 1313 labores
571 1275 625 1332 pro
646 1257 760 1332 praeda
781 1257 852 1315 fore.
897 1257 1013 1314 Tamen

127 1339 254 1394 interim
277 1338 454 1411 transfugas
484 1344 515 1394 et
537 1338 614 1394 alios
636 1345 831 1412 opportunos
855 1337 1013 1412 Jugurtha

127 1419 183 1475 ubi
206 1418 345 1492 gentium
362 1425 415 1475 aut
431 1419 504 1492 quid
521 1417 663 1492 agitaret,
681 1435 749 1474 curn
771 1417 915 1492 paucisne
931 1429 1013 1476 esset

128 1517 170 1556 an
185 1499 349 1555 exercitum
368 1499 501 1570 haberet,
518 1505 551 1554 ut
567 1516 632 1554 sese
655 1497 756 1555 victus
771 1504 898 1572 gereret,
914 1499 1014 1574 explo-
1030 1501 1066 1557 15

126 1585 231 1636 ratum
247 1579 337 1636 misit.
382 1579 428 1636 At
442 1579 492 1635 ille
509 1596 574 1635 sese
587 1579 617 1635 in
633 1579 700 1636 loca
716 1579 853 1635 saltuosa
864 1586 1013 1636 etuatura

127 1661 251 1716 munita
266 1664 427 1736 receperat,
445 1660 548 1735 ibique
565 1660 872 1734 cogebatexercitum
888 1679 1012 1717 numero

127 1741 289 1798 hominum
305 1741 491 1815 ampliorem,
504 1741 557 1796 sed
568 1740 709 1797 hebetem
720 1739 938 1816 infirmumque,
948 1741 1013 1816 agri

127 1839 166 1878 ac
180 1822 297 1895 pecoris
312 1822 412 1895 magis
425 1839 517 1896 quam
529 1821 601 1878 belli
614 1820 769 1877 cultorem.
812 1821 850 1878 Id
862 1840 898 1877 ea
912 1821 1013 1896 gratia

126 1902 302 1973 eveniebat,
320 1902 401 1977 quod
423 1908 543 1977 praeter
565 1902 665 1976 regios
681 1902 800 1976 equites
815 1919 904 1958 nemo
919 1904 1013 1959 omni·
1029 1902 1066 1959 ΞΟ

127 2001 182 2040 um
205 1983 341 2040 Numida
361 2001 398 2040 ex
415 1983 488 2056 fuga
503 2000 606 2056 regem
622 1982 772 2057 sequitur:
795 2001 855 2057 quo
870 1985 1012 2058 cujusque

128 2064 252 2120 animus
267 2064 333 2134 fert,
350 2081 385 2120 eo
409 2063 590 2136 discedunt;
612 2081 710 2139 neque
725 2063 756 2120 id
772 2063 921 2137 flagitium
937 2064 1014 2120 mili-

127 2145 192 2201 tiae
203 2145 336 2202 ducitur:
359 2145 403 2201 ita
419 2161 450 2201 se
467 2143 566 2200 mores
577 2144 697 2200 habent.
741 2144 842 2217 Igitur
858 2143 1011 2215 Metellus,

128 2225 184 2281 ubi
207 2225 292 2282 videt
319 2225 402 2299 regis
424 2226 518 2282 etiam
540 2229 606 2282 tum
629 2225 763 2282 animum
786 2224 914 2281 ferocem
935 2243 1011 2296 esse,

128 2305 245 2362 bellurn
260 2305 407 2376 renovari,
419 2306 499 2382 quod
516 2305 574 2362 nisi
584 2323 621 2362 ex
637 2305 717 2361 illius
732 2304 866 2361 lubidine
877 2306 940 2379 geri
952 2324 1013 2362 nou
1028 2305 1065 2362 25

128 2391 245 2461 posset,
261 2392 417 2462 praeterea
439 2387 576 2462 iniquum
592 2393 744 2443 certarnen
761 2385 819 2442 sibi
835 2403 903 2441 cum
919 2386 1013 2442 hosti-

128 2467 196 2534 bus,
213 2468 329 2524 minore
344 2467 525 2525 detrimento
535 2467 605 2524 illos
613 2467 694 2524 vinci
702 2485 792 2542 quam
803 2484 875 2523 suos
883 2467 1011 2538 vincere,

129 2548 242 2605 statuit
257 2567 316 2605 nou
334 2549 458 2623 proeliis
469 2567 564 2624 neque
578 2549 609 2604 in
627 2548 698 2617 acie,
710 2548 763 2604 sed
780 2548 838 2604 alio
854 2565 935 2604 more
951 2549 1012 2606 bel·

128 2629 194 2685 lum
217 2629 394 2703 gerundum.
438 2630 547 2704 Itaque
570 2629 601 2686 iu
622 2629 688 2686 loca
704 2627 869 2685 Numidiae
891 2629 1013 2703 opulen-

129 2709 254 2766 tissima
267 2710 374 2786 pergit,
386 2729 476 2785 agros
488 2717 598 2778 vastat,
612 2711 709 2767 multa
720 2709 846 2766 castella
858 2715 888 2765 et
898 2711 1013 2785 oppida
1028 2711 1066 2765 30

129 2797 243 2846 temere
258 2792 378 2848 munita
394 2797 447 2849 aut
457 2793 520 2849 siue
536 2791 690 2867 praesidio
700 2791 783 2867 capit
799 2790 992 2866 incenditque
1005 2812 1011 2865 ;

129 2871 261 2946 puberes
278 2872 403 2930 interfici
414 2873 510 2946 jubet,
528 2873 589 2929 alia
605 2873 707 2929 omnia
723 2872 853 2928 militum
868 2873 1013 2946 praedam

130 2969 207 3009 esse.
252 2953 299 3009 Ea
313 2953 471 3010 formidine
488 2952 575 3010 multi
592 2954 736 3011 mortales
752 2953 902 3010 Romanis
918 2952 1013 3010 dediti

132 3033 275 3106 obsides;
297 3033 481 3090 frumentum
497 3040 528 3091 et
550 3033 619 3106 alia,
637 3053 714 3110 quae
730 3035 799 3091 usui
821 3035 927 3103 forent,
945 3035 1014 3091 affa-

131 3113 188 3169 tim
203 3114 341 3188 praebita
354 3135 361 3188 3
383 3115 564 3189 ubicumque
574 3131 622 3172 res
632 3114 816 3189 postulabat,
826 3116 1011 3190 praesidium
1027 3112 1064 3169 35

132 3193 320 3267 impositum.
354 3194 451 3267 Quae
462 3196 586 3269 negotia
603 3195 697 3253 multo
714 3196 812 3270 magis
823 3214 913 3270 quam
929 3215 1013 3271 proe-

131 3273 207 3329 lium
215 3274 293 3330 male
301 3281 471 3348 pugnaturn
481 3276 518 3330 ab
527 3275 590 3332 suis
598 3293 701 3349 regem
709 3276 862 3332 terrebant
872 3297 879 3348 ;
890 3277 1010 3351 quippe,

132 3355 218 3426 cujus
235 3371 304 3428 spes
320 3355 420 3410 omnis
436 3355 466 3410 iu
482 3355 555 3425 luca
571 3355 631 3411 sita
644 3360 718 3419 erat,
733 3355 819 3429 sequi
836 3356 1009 3429 cogebatur,

131 3440 163 3491 et
192 3434 244 3508 qui
274 3452 329 3490 sua
352 3434 419 3490 loca
441 3434 600 3491 defendere
629 3433 818 3507 nequiverat,
842 3435 874 3489 in
903 3435 1009 3490 alienis
