2322 3718
293 189 340 236 mr
365 187 660 236 courussrrouu
685 188 906 238 carrmusrr.
1006 173 1070 239 109

134 347 265 418 dicebat,
282 347 313 405 in
328 347 440 422 quibus
455 347 602 423 scriptum
617 352 690 418 erat,
708 346 741 406 C.
759 347 912 406 Manlium
933 365 1019 407 arma

134 428 253 504 cepisse
265 445 332 485 cum
343 445 457 502 magna
472 427 669 485 multitudine
681 434 751 485 ante
763 428 845 486 diem
855 427 903 485 VI
919 427 1019 486 kalen·

134 509 194 566 das
210 508 402 565 Novembris.
447 507 552 577 Simul,
564 508 596 565 id
608 508 688 583 quod
703 508 733 565 in
745 509 801 566 tali
816 525 848 566 re
865 509 953 579 sclet,
967 510 1019 566 alii

134 594 279 662 portenta
299 595 390 662 atque
410 588 554 662 prodigia
573 589 766 660 nuntiabant,
784 589 834 646 alii
851 596 1020 647 conventus

134 667 209 739 fieri,
226 686 311 725 arma
330 667 453 742 portari,
472 667 595 744 Capuae
617 674 709 743 atque
729 669 761 726 in
777 669 894 746 Apulia
909 671 1020 728 servile
1054 677 1072 734 5

134 748 248 806 bellum
274 748 399 805 moveri.
444 747 545 822 Igitur
570 749 669 806 senati
693 749 814 807 decreto
831 750 866 823 Q.
883 749 1021 808 Marcius

135 828 206 886 Rex
221 827 378 898 Faesulas,
393 828 428 902 Q.
440 827 586 886 Metellus
604 828 744 888 Creticus
759 829 791 887 in
807 829 953 905 Apuliam
969 831 1022 888 cir·

134 927 265 985 cumque
279 926 316 966 ea
340 909 405 966 loca
419 908 521 982 missi3
545 908 577 965 hi
591 909 712 984 utrique
723 910 761 967 ad
774 909 880 967 urbem
894 911 1022 986 impera·

134 995 219 1047 tores
245 994 342 1058 erant,
371 988 511 1064 impediti
540 1007 578 1046 ne
614 989 841 1066 triumpharent
869 991 1021 1049 calumnia

136 1087 312 1145 paucorum,
334 1068 445 1144 quibus
467 1087 515 1126 cm
541 1070 571 1128 ia
594 1070 724 1128 honesta
747 1075 837 1145 atque
858 1070 1021 1129 inhonesta
1036 1081 1073 1138 10

137 1150 269 1207 vendere
291 1166 358 1206 mos
373 1155 440 1206 erat
450 1133 533 1223 ,isssbd
556 1157 713 1226 praetores
730 1151 764 1224 Q.
778 1151 943 1226 Pompeius
958 1152 1022 1210 Ru-

134 1230 186 1288 fus
202 1229 349 1306 Capuam,
362 1230 398 1303 Q.
412 1229 556 1289 Metellus
574 1231 663 1290 Celer
684 1231 717 1288 in
732 1248 840 1306 agrum
857 1231 1021 1306 Picenum;

134 1311 241 1386 eisque
263 1311 455 1385 permissum,
473 1311 517 1368 uti
539 1329 594 1388 pro
615 1318 752 1388 tempore
775 1318 866 1387 atque
887 1312 1020 1388 periculo

84 1436 87 1442 .
134 1391 304 1448 exercitum
331 1399 554 1466 compararent.
600 1393 652 1451 Ad
682 1392 747 1461 hoc,
773 1391 798 1448 si
819 1392 888 1467 quis
909 1391 1022 1449 indica·

136 1473 236 1530 visset
258 1472 294 1529 de
317 1472 534 1546 conjuratione,
552 1490 631 1548 quae
654 1477 761 1530 contra
781 1489 843 1528 rem
866 1472 1020 1548 publicam
1037 1479 1073 1539 15

135 1553 220 1610 facta
235 1557 309 1620 erat,
324 1553 494 1628 praemium
518 1570 607 1610 servo
631 1553 804 1610 libertatem
827 1557 859 1610 et
879 1553 1022 1611 sestertia

136 1638 271 1700 centum,
287 1632 382 1690 libero
397 1633 614 1708 impunitatem
630 1635 696 1708 ejus
710 1633 754 1690 rei
767 1638 800 1690 et
814 1633 956 1691 sestertia
970 1634 1022 1691 du·

135 1719 246 1787 centa;
268 1714 401 1788 itemque
421 1714 591 1784 decrevere,
611 1713 656 1771 uti
672 1713 873 1788 gladiatoriae
888 1713 1020 1772 familiae

123 1794 279 1870 'Capuam
293 1799 326 1852 et
340 1794 373 1851 in
388 1799 489 1852 cetera
510 1794 679 1869 municipia
694 1794 947 1853 distribuerentur
966 1811 1021 1870 prc

136 1877 282 1951 cujusque
306 1875 424 1950 opibus,
443 1875 561 1932 Romae
585 1880 755 1950 pertatem
777 1874 881 1932 urbem
897 1874 1021 1948 vigiliae
1036 1882 1075 1939 20

137 1956 332 2024 haberentur,
349 1955 454 2030 eisque
470 1955 603 2013 minores
618 1955 819 2030 magistratus
834 1961 1018 2030 praeessent.

182 2038 227 2094 31.
251 2035 369 2109 Quibus
379 2037 470 2093 rebus
486 2042 626 2112 permota
637 2035 747 2094 civitas
759 2041 849 2110 atque
859 2035 1022 2093 immutata

136 2116 223 2173 urbis
238 2115 331 2174 facies
346 2121 430 2190 erat3
453 2133 491 2173 ex
507 2133 628 2173 summa
643 2116 762 2174 laetitia
776 2121 868 2190 atque
883 2115 1019 2186 lascivia,

138 2214 219 2271 quae
236 2197 379 2254 diuturna
402 2197 488 2272 quies
510 2202 680 2272 pepererat,
696 2202 820 2270 repente
835 2213 941 2253 omnes
954 2196 1021 2253 tris·

137 2277 211 2334 titia
224 2276 356 2351 invasit;
378 2277 530 2348 festinare,
548 2277 707 2352 trepidare,
723 2294 821 2351 neque
842 2275 908 2333 lccc
923 2294 1020 2351 neque
1036 2279 1073 2338 25

137 2357 257 2415 homini
271 2359 413 2433 cuiquam
428 2358 504 2415 satis
522 2357 653 2428 credere,
667 2373 764 2432 neque
780 2356 890 2413 bellum
906 2373 1019 2431 gerere,

137 2447 238 2512 neque
266 2455 372 2513 pacem
400 2438 520 2508 habere,
542 2454 598 2495 suo
620 2438 748 2513 quisque
776 2443 860 2495 metu
887 2436 1021 2513 pericula

137 2517 249 2576 metiri.
293 2519 345 2576 Ad
362 2519 418 2576 hcc
432 2519 584 2590 mulieres,
598 2518 709 2594 quibus
724 2516 922 2593 reipublicae
937 2534 1020 2592 mag-

137 2598 279 2656 nitudine
307 2599 377 2657 belli
397 2601 489 2657 timor
508 2599 652 2657 insolitus
673 2598 847 2668 incesserat,
865 2597 1019 2655 adflictare

138 2697 217 2750 sese,
234 2696 344 2737 manus
365 2680 516 2756 supplices
538 2679 576 2736 ad
597 2679 715 2738 caelum
730 2679 862 2750 tendere,
879 2678 1018 2734 miserari
1034 2680 1072 2738 30

137 2776 253 2836 parvos
280 2759 402 2831 liberos,
431 2760 573 2834 rogitare,
603 2759 707 2818 omnia
736 2776 855 2834 pavere,
880 2758 1020 2834 superbia

141 2845 236 2914 atque
248 2840 364 2898 deliciis
380 2841 502 2899 omissis
517 2839 576 2898 sibi
590 2839 767 2916 patriaeque
789 2839 929 2898 diffidere.
974 2837 1019 2896 At

141 2919 294 2978 Catilinae
317 2921 447 2979 crudelis
471 2920 591 2979 animus
610 2922 717 2980 eadem
735 2920 788 2978 illa
808 2919 958 2988 movebat,
975 2924 1020 2977 ta·

139 3001 232 3058 metsi
246 3001 401 3076 praesidia
409 3002 596 3078 parabantur
603 3006 635 3059 et
644 3002 709 3078 ipse
719 3001 786 3076 lege
799 2999 920 3058 Plautia
929 2999 1020 3056 inter-

138 3086 269 3156 rogatus
289 3087 356 3140 erat
370 3081 408 3139 ab
423 3082 459 3140 L.
477 3082 580 3140 Paulo.
626 3082 786 3140 Postremo
807 3078 1019 3138 dissimulandi
1034 3079 1072 3138 35

140 3179 236 3219 causa
259 3167 312 3219 aut
333 3162 381 3220 sui
402 3161 599 3239 expurgandi,
625 3161 713 3220 sicuti
737 3160 839 3237 jurgio
860 3160 1020 3218 lacessitus

141 3242 229 3311 foret,
250 3241 282 3298 in
303 3247 443 3300 senatum
464 3243 557 3300 venit.
601 3241 680 3299 Tum
702 3241 745 3299 M.
762 3240 881 3300 Tullius
902 3239 1017 3310 consul,

141 3321 208 3380 sive
236 3323 442 3397 praesentiam
466 3324 532 3397 ejus
547 3323 661 3380 timens
682 3321 747 3378 sive
769 3321 815 3377 ira
836 3325 1017 3389 commotus,

141 3401 310 3461 oraticnem
332 3401 441 3461 habuit
459 3402 645 3461 luculentam
661 3405 751 3476 atque
765 3399 871 3458 utilem
885 3399 929 3457 rei
947 3398 1021 3474 pub·
