<?xml version="1.0" encoding="UTF-8"?>
<!DOCTYPE html PUBLIC "-//W3C//DTD XHTML 1.0 Transitional//EN"
    "http://www.w3.org/TR/xhtml1/DTD/xhtml1-transitional.dtd">
<html xmlns="http://www.w3.org/1999/xhtml" xml:lang="en" lang="en">
 <head>
  <title>
</title>
<meta http-equiv="Content-Type" content="text/html;charset=utf-8" />
  <meta name='ocr-system' content='tesseract 3.04.00' />
  <meta name='ocr-capabilities' content='ocr_page ocr_carea ocr_par ocr_line ocrx_word'/>
</head>
<body>
  <div class='ocr_page' id='page_1' title='image "./csallusticrispi01stuagoog_0083.png"; bbox 0 0 2346 3718; ppageno 0'>
   <div class='ocr_carea' id='block_1_1' title="bbox 97 145 748 211">
    <p class='ocr_par' dir='ltr' id='par_1_1' title="bbox 97 145 748 211">
     <span class='ocr_line' id='line_1_1' title="bbox 97 145 748 211; baseline -0.011 0"><span class='ocrx_word' id='word_1_1' title='bbox 97 145 138 211; x_wconf 82' lang='grc'>76</span> <span class='ocrx_word' id='word_1_2' title='bbox 373 160 403 206; x_wconf 91' lang='lat' dir='ltr'>c.</span> <span class='ocrx_word' id='word_1_3' title='bbox 419 158 600 206; x_wconf 76' lang='lat' dir='ltr'>snunusrr</span> <span class='ocrx_word' id='word_1_4' title='bbox 625 158 748 207; x_wconf 81' lang='lat' dir='ltr'>earsrr</span> 
     </span>
    </p>
   </div>
   <div class='ocr_carea' id='block_1_2' title="bbox 93 317 1064 3441">
    <p class='ocr_par' dir='ltr' id='par_1_2' title="bbox 115 317 1029 1035">
     <span class='ocr_line' id='line_1_2' title="bbox 150 317 1028 394; baseline 0 -18"><span class='ocrx_word' id='word_1_5' title='bbox 150 319 343 394; x_wconf 81' lang='lat' dir='ltr'><strong>serpentium,</strong></span> <span class='ocrx_word' id='word_1_6' title='bbox 359 318 426 392; x_wconf 91' lang='lat' dir='ltr'>ipsa</span> <span class='ocrx_word' id='word_1_7' title='bbox 441 317 620 392; x_wconf 90' lang='lat' dir='ltr'>peruiciosa,</span> <span class='ocrx_word' id='word_1_8' title='bbox 632 317 682 374; x_wconf 89' lang='lat' dir='ltr'>siti</span> <span class='ocrx_word' id='word_1_9' title='bbox 697 317 797 391; x_wconf 83' lang='lat' dir='ltr'>magis</span> <span class='ocrx_word' id='word_1_10' title='bbox 812 335 902 392; x_wconf 88' lang='lat' dir='ltr'>quam</span> <span class='ocrx_word' id='word_1_11' title='bbox 919 318 980 375; x_wconf 89' lang='lat' dir='ltr'>alia</span> <span class='ocrx_word' id='word_1_12' title='bbox 997 337 1028 376; x_wconf 88' lang='lat' dir='ltr'>re</span> 
     </span>
     <span class='ocr_line' id='line_1_3' title="bbox 149 397 1029 474; baseline 0 -18"><span class='ocrx_word' id='word_1_13' title='bbox 149 401 331 456; x_wconf 81' lang='lat' dir='ltr'><strong>accenditur.</strong></span> <span class='ocrx_word' id='word_1_14' title='bbox 375 399 451 471; x_wconf 84' lang='lat' dir='ltr'>Ejus</span> <span class='ocrx_word' id='word_1_15' title='bbox 462 398 603 473; x_wconf 77' lang='lat' dir='ltr'>potiundi</span> <span class='ocrx_word' id='word_1_16' title='bbox 615 397 748 454; x_wconf 88' lang='lat' dir='ltr'>Marium</span> <span class='ocrx_word' id='word_1_17' title='bbox 765 415 908 454; x_wconf 91' lang='lat' dir='ltr'>maxuma</span> <span class='ocrx_word' id='word_1_18' title='bbox 917 400 1029 474; x_wconf 88' lang='lat' dir='ltr'>cupido</span> 
     </span>
     <span class='ocr_line' id='line_1_4' title="bbox 130 477 1028 552; baseline 0 -16"><span class='ocrx_word' id='word_1_19' title='bbox 130 481 312 547; x_wconf 84' lang='lat' dir='ltr'>invaserat,</span> <span class='ocrx_word' id='word_1_20' title='bbox 335 497 404 534; x_wconf 89' lang='lat' dir='ltr'>cum</span> <span class='ocrx_word' id='word_1_21' title='bbox 426 487 550 552; x_wconf 88' lang='lat' dir='ltr'>propter</span> <span class='ocrx_word' id='word_1_22' title='bbox 571 495 661 534; x_wconf 88' lang='lat' dir='ltr'>usum</span> <span class='ocrx_word' id='word_1_23' title='bbox 684 477 763 548; x_wconf 90' lang='lat' dir='ltr'>belli,</span> <span class='ocrx_word' id='word_1_24' title='bbox 787 483 854 533; x_wconf 91' lang='lat' dir='ltr'>tum</span> <span class='ocrx_word' id='word_1_25' title='bbox 876 479 950 552; x_wconf 88' lang='lat' dir='ltr'>quia</span> <span class='ocrx_word' id='word_1_26' title='bbox 979 497 1028 536; x_wconf 90' lang='lat' dir='ltr'>res</span> 
     </span>
     <span class='ocr_line' id='line_1_5' title="bbox 149 557 1028 634; baseline -0.001 -17"><span class='ocrx_word' id='word_1_27' title='bbox 149 578 257 634; x_wconf 89' lang='lat' dir='ltr'>aspera</span> <span class='ocrx_word' id='word_1_28' title='bbox 283 559 450 627; x_wconf 88' lang='lat' dir='ltr'>videbatur,</span> <span class='ocrx_word' id='word_1_29' title='bbox 476 565 508 613; x_wconf 90' lang='lat' dir='ltr'>et</span> <span class='ocrx_word' id='word_1_30' title='bbox 536 557 681 614; x_wconf 82' lang='lat' dir='ltr'>Metellus</span> <span class='ocrx_word' id='word_1_31' title='bbox 715 557 860 632; x_wconf 91' lang='lat' dir='ltr'>oppidum</span> <span class='ocrx_word' id='word_1_32' title='bbox 897 559 1028 617; x_wconf 81' lang='lat' dir='ltr'><strong>Thalam</strong></span> 
     </span>
     <span class='ocr_line' id='line_1_6' title="bbox 115 637 1027 714; baseline -0.003 -15"><span class='ocrx_word' id='word_1_33' title='bbox 115 644 132 699; x_wconf 84' lang='lat'>5</span> <span class='ocrx_word' id='word_1_34' title='bbox 149 659 262 714; x_wconf 82' lang='lat' dir='ltr'>magna</span> <span class='ocrx_word' id='word_1_35' title='bbox 282 639 381 714; x_wconf 85' lang='lat' dir='ltr'>gloria</span> <span class='ocrx_word' id='word_1_36' title='bbox 399 644 527 712; x_wconf 79' lang='lat' dir='ltr'>ceperat,</span> <span class='ocrx_word' id='word_1_37' title='bbox 544 637 627 694; x_wconf 88' lang='lat' dir='ltr'>haud</span> <span class='ocrx_word' id='word_1_38' title='bbox 646 638 835 694; x_wconf 79' lang='lat' dir='ltr'>dissimiliter</span> <span class='ocrx_word' id='word_1_39' title='bbox 850 639 942 696; x_wconf 92' lang='lat' dir='ltr'>situm</span> <span class='ocrx_word' id='word_1_40' title='bbox 963 659 1027 696; x_wconf 92' lang='lat' dir='ltr'>mu-</span> 
     </span>
     <span class='ocr_line' id='line_1_7' title="bbox 149 718 1029 794; baseline 0 -18"><span class='ocrx_word' id='word_1_41' title='bbox 149 722 315 794; x_wconf 88' lang='lat' dir='ltr'>nitumque,</span> <span class='ocrx_word' id='word_1_42' title='bbox 329 719 388 775; x_wconf 90' lang='lat' dir='ltr'>nisi</span> <span class='ocrx_word' id='word_1_43' title='bbox 397 718 479 794; x_wconf 93' lang='lat' dir='ltr'>quod</span> <span class='ocrx_word' id='word_1_44' title='bbox 496 719 576 794; x_wconf 88' lang='lat' dir='ltr'>apud</span> <span class='ocrx_word' id='word_1_45' title='bbox 593 718 722 774; x_wconf 80' lang='lat' dir='ltr'><strong>Thalam</strong></span> <span class='ocrx_word' id='word_1_46' title='bbox 739 736 800 774; x_wconf 92' lang='lat' dir='ltr'>nou</span> <span class='ocrx_word' id='word_1_47' title='bbox 815 719 905 792; x_wconf 83' lang='lat' dir='ltr'>longe</span> <span class='ocrx_word' id='word_1_48' title='bbox 921 737 1029 778; x_wconf 89' lang='lat' dir='ltr'>amoe-</span> 
     </span>
     <span class='ocr_line' id='line_1_8' title="bbox 148 799 1028 874; baseline 0.001 -18"><span class='ocrx_word' id='word_1_49' title='bbox 148 802 236 856; x_wconf 87' lang='lat' dir='ltr'>nibus</span> <span class='ocrx_word' id='word_1_50' title='bbox 266 801 383 874; x_wconf 87' lang='lat' dir='ltr'>aliquot</span> <span class='ocrx_word' id='word_1_51' title='bbox 405 801 507 856; x_wconf 86' lang='lat' dir='ltr'>fontes</span> <span class='ocrx_word' id='word_1_52' title='bbox 531 806 627 866; x_wconf 86' lang='lat' dir='ltr'>erant,</span> <span class='ocrx_word' id='word_1_53' title='bbox 647 799 819 872; x_wconf 81' lang='lat' dir='ltr'>Capsenses</span> <span class='ocrx_word' id='word_1_54' title='bbox 847 817 909 856; x_wconf 89' lang='lat' dir='ltr'>una</span> <span class='ocrx_word' id='word_1_55' title='bbox 938 802 1028 858; x_wconf 91' lang='lat' dir='ltr'>modo</span> 
     </span>
     <span class='ocr_line' id='line_1_9' title="bbox 148 879 1029 956; baseline 0 -19"><span class='ocrx_word' id='word_1_56' title='bbox 148 890 238 956; x_wconf 87' lang='lat' dir='ltr'>atque</span> <span class='ocrx_word' id='word_1_57' title='bbox 260 899 297 937; x_wconf 90' lang='lat' dir='ltr'>ea</span> <span class='ocrx_word' id='word_1_58' title='bbox 317 881 397 937; x_wconf 87' lang='lat' dir='ltr'>intra</span> <span class='ocrx_word' id='word_1_59' title='bbox 419 879 562 955; x_wconf 90' lang='lat' dir='ltr'>oppidum</span> <span class='ocrx_word' id='word_1_60' title='bbox 589 879 657 953; x_wconf 87' lang='lat' dir='ltr'>jugi</span> <span class='ocrx_word' id='word_1_61' title='bbox 683 897 771 953; x_wconf 89' lang='lat' dir='ltr'>aqua,</span> <span class='ocrx_word' id='word_1_62' title='bbox 793 887 894 936; x_wconf 87' lang='lat' dir='ltr'>cetera</span> <span class='ocrx_word' id='word_1_63' title='bbox 921 880 1029 954; x_wconf 88' lang='lat' dir='ltr'>pluvia</span> 
     </span>
     <span class='ocr_line' id='line_1_10' title="bbox 149 959 1028 1035; baseline 0 -18"><span class='ocrx_word' id='word_1_64' title='bbox 149 962 318 1018; x_wconf 88' lang='lat' dir='ltr'>utebantur.</span> <span class='ocrx_word' id='word_1_65' title='bbox 363 960 400 1017; x_wconf 94' lang='lat' dir='ltr'>Id</span> <span class='ocrx_word' id='word_1_66' title='bbox 416 960 518 1035; x_wconf 92' lang='lat' dir='ltr'>ibique</span> <span class='ocrx_word' id='word_1_67' title='bbox 527 961 600 1016; x_wconf 91' lang='lat' dir='ltr'>etin</span> <span class='ocrx_word' id='word_1_68' title='bbox 617 959 698 1016; x_wconf 91' lang='lat' dir='ltr'>omni</span> <span class='ocrx_word' id='word_1_69' title='bbox 711 959 825 1030; x_wconf 88' lang='lat' dir='ltr'>Africa,</span> <span class='ocrx_word' id='word_1_70' title='bbox 838 977 915 1034; x_wconf 87' lang='lat' dir='ltr'>quae</span> <span class='ocrx_word' id='word_1_71' title='bbox 924 961 1028 1035; x_wconf 91' lang='lat' dir='ltr'>procul</span> 
     </span>
    </p>

    <p class='ocr_par' dir='ltr' id='par_1_3' title="bbox 97 1039 1028 1436">
     <span class='ocr_line' id='line_1_11' title="bbox 97 1039 1027 1115; baseline -0.001 -18"><span class='ocrx_word' id='word_1_72' title='bbox 97 1043 132 1099; x_wconf 87' lang='lat'>10</span> <span class='ocrx_word' id='word_1_73' title='bbox 148 1060 166 1097; x_wconf 91' lang='lat' dir='ltr'>a</span> <span class='ocrx_word' id='word_1_74' title='bbox 187 1043 264 1098; x_wconf 90' lang='lat' dir='ltr'>mari</span> <span class='ocrx_word' id='word_1_75' title='bbox 292 1041 435 1098; x_wconf 80' lang='lat' dir='ltr'>incultius</span> <span class='ocrx_word' id='word_1_76' title='bbox 465 1040 586 1115; x_wconf 83' lang='lat' dir='ltr'>agebat,</span> <span class='ocrx_word' id='word_1_77' title='bbox 611 1057 647 1096; x_wconf 93' lang='lat' dir='ltr'>eo</span> <span class='ocrx_word' id='word_1_78' title='bbox 683 1039 804 1096; x_wconf 85' lang='lat' dir='ltr'>facilius</span> <span class='ocrx_word' id='word_1_79' title='bbox 832 1039 1027 1110; x_wconf 85' lang='lat' dir='ltr'>tolerabatur,</span> 
     </span>
     <span class='ocr_line' id='line_1_12' title="bbox 148 1119 1028 1196; baseline 0.001 -20"><span class='ocrx_word' id='word_1_80' title='bbox 148 1121 218 1196; x_wconf 88' lang='lat' dir='ltr'>quia</span> <span class='ocrx_word' id='word_1_81' title='bbox 227 1119 380 1176; x_wconf 89' lang='lat' dir='ltr'>Numidae</span> <span class='ocrx_word' id='word_1_82' title='bbox 390 1120 567 1195; x_wconf 89' lang='lat' dir='ltr'>plerumque</span> <span class='ocrx_word' id='word_1_83' title='bbox 575 1119 654 1177; x_wconf 87' lang='lat' dir='ltr'>lacte</span> <span class='ocrx_word' id='word_1_84' title='bbox 669 1123 701 1176; x_wconf 88' lang='lat' dir='ltr'>et</span> <span class='ocrx_word' id='word_1_85' title='bbox 716 1119 813 1176; x_wconf 85' lang='lat' dir='ltr'>ferina</span> <span class='ocrx_word' id='word_1_86' title='bbox 827 1136 916 1176; x_wconf 90' lang='lat' dir='ltr'>carne</span> <span class='ocrx_word' id='word_1_87' title='bbox 928 1139 1028 1177; x_wconf 84' lang='lat' dir='ltr'>vesce-</span> 
     </span>
     <span class='ocr_line' id='line_1_13' title="bbox 148 1199 1027 1274; baseline 0.001 -17"><span class='ocrx_word' id='word_1_88' title='bbox 148 1200 258 1270; x_wconf 82' lang='lat' dir='ltr'>bantur</span> <span class='ocrx_word' id='word_1_89' title='bbox 272 1205 303 1257; x_wconf 91' lang='lat' dir='ltr'>et</span> <span class='ocrx_word' id='word_1_90' title='bbox 318 1218 414 1274; x_wconf 91' lang='lat' dir='ltr'>neque</span> <span class='ocrx_word' id='word_1_91' title='bbox 430 1200 524 1256; x_wconf 90' lang='lat' dir='ltr'>salem</span> <span class='ocrx_word' id='word_1_92' title='bbox 540 1217 638 1274; x_wconf 87' lang='lat' dir='ltr'>neque</span> <span class='ocrx_word' id='word_1_93' title='bbox 654 1199 716 1256; x_wconf 88' lang='lat' dir='ltr'>alia</span> <span class='ocrx_word' id='word_1_94' title='bbox 731 1199 923 1257; x_wconf 88' lang='lat' dir='ltr'>irritamenta</span> <span class='ocrx_word' id='word_1_95' title='bbox 937 1201 1027 1274; x_wconf 87' lang='lat' dir='ltr'>gulae</span> 
     </span>
     <span class='ocr_line' id='line_1_14' title="bbox 148 1280 1026 1356; baseline 0.001 -19"><span class='ocrx_word' id='word_1_96' title='bbox 148 1280 347 1355; x_wconf 86' lang='lat' dir='ltr'>quaerebant:</span> <span class='ocrx_word' id='word_1_97' title='bbox 369 1281 455 1337; x_wconf 89' lang='lat' dir='ltr'>cibus</span> <span class='ocrx_word' id='word_1_98' title='bbox 468 1281 532 1336; x_wconf 88' lang='lat' dir='ltr'>illis</span> <span class='ocrx_word' id='word_1_99' title='bbox 545 1282 695 1337; x_wconf 85' lang='lat' dir='ltr'>advorsus</span> <span class='ocrx_word' id='word_1_100' title='bbox 708 1281 820 1338; x_wconf 85' lang='lat' dir='ltr'>famem</span> <span class='ocrx_word' id='word_1_101' title='bbox 832 1293 922 1356; x_wconf 84' lang='lat' dir='ltr'>atque</span> <span class='ocrx_word' id='word_1_102' title='bbox 932 1281 1026 1353; x_wconf 90' lang='lat' dir='ltr'>sitim,</span> 
     </span>
     <span class='ocr_line' id='line_1_15' title="bbox 147 1360 705 1436; baseline 0.004 -20"><span class='ocrx_word' id='word_1_103' title='bbox 147 1378 207 1418; x_wconf 92' lang='lat' dir='ltr'>uon</span> <span class='ocrx_word' id='word_1_104' title='bbox 222 1360 350 1417; x_wconf 91' lang='lat' dir='ltr'>lubidini</span> <span class='ocrx_word' id='word_1_105' title='bbox 365 1379 463 1436; x_wconf 89' lang='lat' dir='ltr'>neque</span> <span class='ocrx_word' id='word_1_106' title='bbox 478 1361 617 1417; x_wconf 83' lang='lat' dir='ltr'>luxuriae</span> <span class='ocrx_word' id='word_1_107' title='bbox 632 1367 705 1418; x_wconf 90' lang='lat' dir='ltr'>erat.</span> 
     </span>
    </p>

    <p class='ocr_par' dir='ltr' id='par_1_4' title="bbox 96 1440 1028 1836">
     <span class='ocr_line' id='line_1_16' title="bbox 96 1440 1026 1516; baseline 0.001 -18"><span class='ocrx_word' id='word_1_108' title='bbox 96 1443 131 1498; x_wconf 89' lang='lat'>15</span> <span class='ocrx_word' id='word_1_109' title='bbox 189 1445 233 1499; x_wconf 85' lang='lat'>90.</span> <span class='ocrx_word' id='word_1_110' title='bbox 257 1441 357 1516; x_wconf 85' lang='lat' dir='ltr'>Igitur</span> <span class='ocrx_word' id='word_1_111' title='bbox 378 1442 484 1498; x_wconf 92' lang='lat' dir='ltr'>consul</span> <span class='ocrx_word' id='word_1_112' title='bbox 505 1442 647 1497; x_wconf 91' lang='lat' dir='ltr'>omnibus</span> <span class='ocrx_word' id='word_1_113' title='bbox 668 1440 842 1515; x_wconf 87' lang='lat' dir='ltr'>exploratis,</span> <span class='ocrx_word' id='word_1_114' title='bbox 867 1442 957 1498; x_wconf 91' lang='lat' dir='ltr'>credo</span> <span class='ocrx_word' id='word_1_115' title='bbox 978 1442 1026 1500; x_wconf 91' lang='lat' dir='ltr'>dis</span> 
     </span>
     <span class='ocr_line' id='line_1_17' title="bbox 147 1520 1027 1580; baseline 0.003 -3"><span class='ocrx_word' id='word_1_116' title='bbox 147 1521 364 1578; x_wconf 84' lang='lat' dir='ltr'>fretus-nam</span> <span class='ocrx_word' id='word_1_117' title='bbox 379 1527 485 1578; x_wconf 90' lang='lat' dir='ltr'>contra</span> <span class='ocrx_word' id='word_1_118' title='bbox 495 1527 599 1578; x_wconf 87' lang='lat' dir='ltr'>tantas</span> <span class='ocrx_word' id='word_1_119' title='bbox 609 1520 803 1578; x_wconf 90' lang='lat' dir='ltr'>difficultates</span> <span class='ocrx_word' id='word_1_120' title='bbox 812 1522 939 1578; x_wconf 89' lang='lat' dir='ltr'>consilio</span> <span class='ocrx_word' id='word_1_121' title='bbox 951 1524 1027 1580; x_wconf 88' lang='lat' dir='ltr'>satis</span> 
     </span>
     <span class='ocr_line' id='line_1_18' title="bbox 147 1601 1027 1677; baseline 0.002 -19"><span class='ocrx_word' id='word_1_122' title='bbox 147 1601 305 1677; x_wconf 86' lang='lat' dir='ltr'>providere</span> <span class='ocrx_word' id='word_1_123' title='bbox 326 1619 386 1658; x_wconf 91' lang='lat' dir='ltr'>uon</span> <span class='ocrx_word' id='word_1_124' title='bbox 408 1607 547 1677; x_wconf 83' lang='lat' dir='ltr'>poterat3</span> <span class='ocrx_word' id='word_1_125' title='bbox 569 1601 681 1676; x_wconf 90' lang='lat' dir='ltr'>quippe</span> <span class='ocrx_word' id='word_1_126' title='bbox 695 1601 789 1658; x_wconf 90' lang='lat' dir='ltr'>etiam</span> <span class='ocrx_word' id='word_1_127' title='bbox 806 1602 951 1658; x_wconf 86' lang='lat' dir='ltr'>frumenti</span> <span class='ocrx_word' id='word_1_128' title='bbox 966 1603 1027 1660; x_wconf 81' lang='lat' dir='ltr'>ino</span> 
     </span>
     <span class='ocr_line' id='line_1_19' title="bbox 145 1681 1028 1757; baseline 0.002 -19"><span class='ocrx_word' id='word_1_129' title='bbox 145 1683 197 1757; x_wconf 88' lang='lat' dir='ltr'>pia</span> <span class='ocrx_word' id='word_1_130' title='bbox 211 1682 426 1756; x_wconf 85' lang='lat' dir='ltr'>temptabatur,</span> <span class='ocrx_word' id='word_1_131' title='bbox 443 1682 515 1756; x_wconf 87' lang='lat' dir='ltr'>quia</span> <span class='ocrx_word' id='word_1_132' title='bbox 529 1681 685 1738; x_wconf 88' lang='lat' dir='ltr'>Numidae</span> <span class='ocrx_word' id='word_1_133' title='bbox 708 1681 819 1756; x_wconf 91' lang='lat' dir='ltr'>pabulo</span> <span class='ocrx_word' id='word_1_134' title='bbox 834 1683 952 1756; x_wconf 89' lang='lat' dir='ltr'>pecoris</span> <span class='ocrx_word' id='word_1_135' title='bbox 967 1701 1028 1740; x_wconf 90' lang='lat' dir='ltr'>ma-</span> 
     </span>
     <span class='ocr_line' id='line_1_20' title="bbox 147 1761 1028 1836; baseline 0.003 -19"><span class='ocrx_word' id='word_1_136' title='bbox 147 1763 194 1836; x_wconf 83' lang='lat' dir='ltr'>gis</span> <span class='ocrx_word' id='word_1_137' title='bbox 210 1780 300 1836; x_wconf 91' lang='lat' dir='ltr'>quam</span> <span class='ocrx_word' id='word_1_138' title='bbox 316 1780 389 1819; x_wconf 87' lang='lat' dir='ltr'>arvo</span> <span class='ocrx_word' id='word_1_139' title='bbox 404 1761 537 1832; x_wconf 89' lang='lat' dir='ltr'>student,</span> <span class='ocrx_word' id='word_1_140' title='bbox 549 1767 580 1818; x_wconf 89' lang='lat' dir='ltr'>et</span> <span class='ocrx_word' id='word_1_141' title='bbox 591 1761 802 1836; x_wconf 91' lang='lat' dir='ltr'>quodcumque</span> <span class='ocrx_word' id='word_1_142' title='bbox 814 1769 919 1819; x_wconf 90' lang='lat' dir='ltr'>natum</span> <span class='ocrx_word' id='word_1_143' title='bbox 929 1763 1028 1820; x_wconf 87' lang='lat' dir='ltr'>iuerat</span> 
     </span>
    </p>

    <p class='ocr_par' dir='ltr' id='par_1_5' title="bbox 94 1841 1027 2238">
     <span class='ocr_line' id='line_1_21' title="bbox 94 1841 1024 1916; baseline 0.003 -18"><span class='ocrx_word' id='word_1_144' title='bbox 94 1844 131 1899; x_wconf 77' lang='lat'>20</span> <span class='ocrx_word' id='word_1_145' title='bbox 150 1844 238 1916; x_wconf 88' lang='lat' dir='ltr'>jussu</span> <span class='ocrx_word' id='word_1_146' title='bbox 254 1843 335 1916; x_wconf 82' lang='lat' dir='ltr'>regis</span> <span class='ocrx_word' id='word_1_147' title='bbox 351 1843 382 1898; x_wconf 92' lang='lat' dir='ltr'>in</span> <span class='ocrx_word' id='word_1_148' title='bbox 396 1841 464 1899; x_wconf 91' lang='lat' dir='ltr'>loca</span> <span class='ocrx_word' id='word_1_149' title='bbox 478 1843 600 1898; x_wconf 88' lang='lat' dir='ltr'>munita</span> <span class='ocrx_word' id='word_1_150' title='bbox 614 1842 816 1911; x_wconf 88' lang='lat' dir='ltr'>contulerant,</span> <span class='ocrx_word' id='word_1_151' title='bbox 834 1861 908 1916; x_wconf 83' lang='lat' dir='ltr'>ager</span> <span class='ocrx_word' id='word_1_152' title='bbox 923 1850 1024 1901; x_wconf 93' lang='lat' dir='ltr'>autem</span> 
     </span>
     <span class='ocr_line' id='line_1_22' title="bbox 147 1923 1027 1995; baseline 0.002 -17"><span class='ocrx_word' id='word_1_153' title='bbox 147 1923 249 1979; x_wconf 90' lang='lat' dir='ltr'>aridus</span> <span class='ocrx_word' id='word_1_154' title='bbox 261 1930 292 1979; x_wconf 94' lang='lat' dir='ltr'>et</span> <span class='ocrx_word' id='word_1_155' title='bbox 307 1923 426 1995; x_wconf 84' lang='lat' dir='ltr'>frugum</span> <span class='ocrx_word' id='word_1_156' title='bbox 437 1940 550 1980; x_wconf 87' lang='lat' dir='ltr'>vacuus</span> <span class='ocrx_word' id='word_1_157' title='bbox 559 1940 596 1978; x_wconf 86' lang='lat' dir='ltr'>ea</span> <span class='ocrx_word' id='word_1_158' title='bbox 610 1928 792 1995; x_wconf 87' lang='lat' dir='ltr'>tempestate</span> <span class='ocrx_word' id='word_1_159' title='bbox 802 1943 808 1995; x_wconf 81' lang='lat'>3</span> <span class='ocrx_word' id='word_1_160' title='bbox 818 1941 889 1979; x_wconf 89' lang='lat' dir='ltr'>nam</span> <span class='ocrx_word' id='word_1_161' title='bbox 900 1925 1027 1980; x_wconf 87' lang='lat' dir='ltr'>aestatis</span> 
     </span>
     <span class='ocr_line' id='line_1_23' title="bbox 145 2003 1027 2078; baseline 0.001 -19"><span class='ocrx_word' id='word_1_162' title='bbox 145 2010 316 2060; x_wconf 79' lang='lat' dir='ltr'>extremum</span> <span class='ocrx_word' id='word_1_163' title='bbox 336 2009 557 2059; x_wconf 88' lang='lat' dir='ltr'>erat-tamen</span> <span class='ocrx_word' id='word_1_164' title='bbox 580 2020 634 2078; x_wconf 93' lang='lat' dir='ltr'>pro</span> <span class='ocrx_word' id='word_1_165' title='bbox 656 2003 699 2058; x_wconf 90' lang='lat' dir='ltr'>rei</span> <span class='ocrx_word' id='word_1_166' title='bbox 723 2003 810 2077; x_wconf 89' lang='lat' dir='ltr'>copia</span> <span class='ocrx_word' id='word_1_167' title='bbox 831 2003 907 2059; x_wconf 90' lang='lat' dir='ltr'>satis</span> <span class='ocrx_word' id='word_1_168' title='bbox 928 2005 1027 2078; x_wconf 89' lang='lat' dir='ltr'>provi-</span> 
     </span>
     <span class='ocr_line' id='line_1_24' title="bbox 134 2082 1027 2158; baseline 0 -18"><span class='ocrx_word' id='word_1_169' title='bbox 134 2085 252 2140; x_wconf 87' lang='lat' dir='ltr'>·denter</span> <span class='ocrx_word' id='word_1_170' title='bbox 267 2089 409 2156; x_wconf 85' lang='lat' dir='ltr'>exornat;</span> <span class='ocrx_word' id='word_1_171' title='bbox 429 2101 521 2158; x_wconf 92' lang='lat' dir='ltr'>pecus</span> <span class='ocrx_word' id='word_1_172' title='bbox 538 2101 635 2152; x_wconf 89' lang='lat' dir='ltr'>omne,</span> <span class='ocrx_word' id='word_1_173' title='bbox 649 2082 730 2156; x_wconf 92' lang='lat' dir='ltr'>quod</span> <span class='ocrx_word' id='word_1_174' title='bbox 746 2084 953 2158; x_wconf 85' lang='lat' dir='ltr'>superioribus</span> <span class='ocrx_word' id='word_1_175' title='bbox 967 2084 1027 2141; x_wconf 92' lang='lat' dir='ltr'>die-</span> 
     </span>
     <span class='ocr_line' id='line_1_25' title="bbox 145 2163 1025 2238; baseline 0.001 -18"><span class='ocrx_word' id='word_1_176' title='bbox 145 2165 202 2221; x_wconf 92' lang='lat' dir='ltr'>bus</span> <span class='ocrx_word' id='word_1_177' title='bbox 231 2164 360 2238; x_wconf 88' lang='lat' dir='ltr'>praedae</span> <span class='ocrx_word' id='word_1_178' title='bbox 387 2163 493 2231; x_wconf 85' lang='lat' dir='ltr'>luerat,</span> <span class='ocrx_word' id='word_1_179' title='bbox 510 2163 664 2236; x_wconf 88' lang='lat' dir='ltr'>equitibus</span> <span class='ocrx_word' id='word_1_180' title='bbox 684 2163 853 2220; x_wconf 85' lang='lat' dir='ltr'>auxiliariis</span> <span class='ocrx_word' id='word_1_181' title='bbox 872 2165 1025 2238; x_wconf 82' lang='lat' dir='ltr'>agendum</span> 
     </span>
    </p>

    <p class='ocr_par' dir='ltr' id='par_1_6' title="bbox 93 2243 1064 2639">
     <span class='ocr_line' id='line_1_26' title="bbox 93 2243 1026 2317; baseline 0 -16"><span class='ocrx_word' id='word_1_182' title='bbox 93 2247 129 2302; x_wconf 76' lang='lat'>25</span> <span class='ocrx_word' id='word_1_183' title='bbox 146 2244 303 2316; x_wconf 89' lang='lat' dir='ltr'>attribuit;</span> <span class='ocrx_word' id='word_1_184' title='bbox 326 2243 363 2301; x_wconf 78' lang='lat' dir='ltr'>A.</span> <span class='ocrx_word' id='word_1_185' title='bbox 378 2243 528 2300; x_wconf 92' lang='lat' dir='ltr'>Manlium</span> <span class='ocrx_word' id='word_1_186' title='bbox 553 2243 687 2317; x_wconf 84' lang='lat' dir='ltr'>legatum</span> <span class='ocrx_word' id='word_1_187' title='bbox 704 2261 773 2300; x_wconf 90' lang='lat' dir='ltr'>cum</span> <span class='ocrx_word' id='word_1_188' title='bbox 788 2244 964 2301; x_wconf 83' lang='lat' dir='ltr'>cohortibus</span> <span class='ocrx_word' id='word_1_189' title='bbox 978 2263 1026 2301; x_wconf 86' lang='lat' dir='ltr'>cx·</span> 
     </span>
     <span class='ocr_line' id='line_1_27' title="bbox 146 2323 1027 2399; baseline 0.001 -19"><span class='ocrx_word' id='word_1_190' title='bbox 146 2325 256 2399; x_wconf 91' lang='lat' dir='ltr'>peditis</span> <span class='ocrx_word' id='word_1_191' title='bbox 279 2324 316 2380; x_wconf 93' lang='lat' dir='ltr'>ad</span> <span class='ocrx_word' id='word_1_192' title='bbox 337 2325 481 2399; x_wconf 89' lang='lat' dir='ltr'>oppidum</span> <span class='ocrx_word' id='word_1_193' title='bbox 505 2323 604 2393; x_wconf 75' lang='lat' dir='ltr'>Laris</span> <span class='ocrx_word' id='word_1_194' title='bbox 621 2324 670 2379; x_wconf 92' lang='lat' dir='ltr'>ubi</span> <span class='ocrx_word' id='word_1_195' title='bbox 693 2323 881 2397; x_wconf 85' lang='lat' dir='ltr'>stipendium</span> <span class='ocrx_word' id='word_1_196' title='bbox 898 2330 930 2381; x_wconf 90' lang='lat' dir='ltr'>et</span> <span class='ocrx_word' id='word_1_197' title='bbox 949 2343 1027 2381; x_wconf 91' lang='lat' dir='ltr'>com·</span> 
     </span>
     <span class='ocr_line' id='line_1_28' title="bbox 147 2403 1064 2479; baseline 0.001 -19"><span class='ocrx_word' id='word_1_198' title='bbox 147 2411 283 2460; x_wconf 90' lang='lat' dir='ltr'>meatum</span> <span class='ocrx_word' id='word_1_199' title='bbox 304 2404 467 2475; x_wconf 90' lang='lat' dir='ltr'>locaverat,</span> <span class='ocrx_word' id='word_1_200' title='bbox 484 2405 527 2460; x_wconf 86' lang='lat' dir='ltr'>irc</span> <span class='ocrx_word' id='word_1_201' title='bbox 540 2404 629 2477; x_wconf 88' lang='lat' dir='ltr'>jubet</span> <span class='ocrx_word' id='word_1_202' title='bbox 643 2403 776 2478; x_wconf 89' lang='lat' dir='ltr'>dicitque</span> <span class='ocrx_word' id='word_1_203' title='bbox 791 2423 823 2460; x_wconf 91' lang='lat' dir='ltr'>se</span> <span class='ocrx_word' id='word_1_204' title='bbox 838 2405 1024 2479; x_wconf 89' lang='lat' dir='ltr'>praedabun-</span> <span class='ocrx_word' id='word_1_205' title='bbox 1061 2464 1064 2471; x_wconf 74' lang='grc'><em>,</em></span> 
     </span>
     <span class='ocr_line' id='line_1_29' title="bbox 147 2484 1025 2560; baseline 0.002 -20"><span class='ocrx_word' id='word_1_206' title='bbox 147 2486 219 2541; x_wconf 92' lang='lat' dir='ltr'>dum</span> <span class='ocrx_word' id='word_1_207' title='bbox 235 2489 305 2558; x_wconf 90' lang='lat' dir='ltr'>post</span> <span class='ocrx_word' id='word_1_208' title='bbox 316 2484 800 2557; x_wconf 89' lang='lat' dir='ltr'>paucosdieseodemventurum.</span> <span class='ocrx_word' id='word_1_209' title='bbox 844 2484 1025 2560; x_wconf 84' lang='lat' dir='ltr'>Sicincepto</span> 
     </span>
     <span class='ocr_line' id='line_1_30' title="bbox 146 2563 808 2639; baseline 0.002 -18"><span class='ocrx_word' id='word_1_210' title='bbox 146 2583 201 2621; x_wconf 90' lang='lat' dir='ltr'>suo</span> <span class='ocrx_word' id='word_1_211' title='bbox 217 2564 368 2621; x_wconf 92' lang='lat' dir='ltr'>occultato</span> <span class='ocrx_word' id='word_1_212' title='bbox 383 2564 482 2639; x_wconf 83' lang='lat' dir='ltr'>pergit</span> <span class='ocrx_word' id='word_1_213' title='bbox 498 2564 537 2620; x_wconf 91' lang='lat' dir='ltr'>ad</span> <span class='ocrx_word' id='word_1_214' title='bbox 553 2563 665 2620; x_wconf 91' lang='lat' dir='ltr'>flumen</span> <span class='ocrx_word' id='word_1_215' title='bbox 681 2565 808 2622; x_wconf 77' lang='lat' dir='ltr'>Tanam.</span> 
     </span>
    </p>

    <p class='ocr_par' dir='ltr' id='par_1_7' title="bbox 93 2644 1027 3039">
     <span class='ocr_line' id='line_1_31' title="bbox 93 2644 1025 2718; baseline -0.002 -16"><span class='ocrx_word' id='word_1_216' title='bbox 93 2649 130 2702; x_wconf 89' lang='lat'>30</span> <span class='ocrx_word' id='word_1_217' title='bbox 187 2647 231 2702; x_wconf 88' lang='grc'>91.</span> <span class='ocrx_word' id='word_1_218' title='bbox 258 2644 398 2701; x_wconf 81' lang='lat' dir='ltr'>Ceterum</span> <span class='ocrx_word' id='word_1_219' title='bbox 422 2645 453 2700; x_wconf 89' lang='lat' dir='ltr'>in</span> <span class='ocrx_word' id='word_1_220' title='bbox 478 2644 587 2700; x_wconf 86' lang='lat' dir='ltr'>itinere</span> <span class='ocrx_word' id='word_1_221' title='bbox 611 2644 745 2718; x_wconf 88' lang='lat' dir='ltr'>quotidie</span> <span class='ocrx_word' id='word_1_222' title='bbox 766 2662 858 2718; x_wconf 90' lang='lat' dir='ltr'>pecus</span> <span class='ocrx_word' id='word_1_223' title='bbox 880 2645 1025 2702; x_wconf 88' lang='lat' dir='ltr'>exercitui</span> 
     </span>
     <span class='ocr_line' id='line_1_32' title="bbox 145 2724 1024 2799; baseline 0.003 -20"><span class='ocrx_word' id='word_1_224' title='bbox 145 2743 198 2798; x_wconf 86' lang='lat' dir='ltr'>per</span> <span class='ocrx_word' id='word_1_225' title='bbox 221 2725 383 2792; x_wconf 89' lang='lat' dir='ltr'>centurias,</span> <span class='ocrx_word' id='word_1_226' title='bbox 400 2724 473 2780; x_wconf 91' lang='lat' dir='ltr'>item</span> <span class='ocrx_word' id='word_1_227' title='bbox 496 2731 614 2781; x_wconf 90' lang='lat' dir='ltr'>turmas</span> <span class='ocrx_word' id='word_1_228' title='bbox 636 2724 803 2799; x_wconf 89' lang='lat' dir='ltr'>aequaliter</span> <span class='ocrx_word' id='word_1_229' title='bbox 817 2726 1024 2796; x_wconf 89' lang='lat' dir='ltr'>distribuerat,</span> 
     </span>
     <span class='ocr_line' id='line_1_33' title="bbox 145 2804 1027 2878; baseline 0.003 -18"><span class='ocrx_word' id='word_1_230' title='bbox 145 2810 176 2860; x_wconf 93' lang='lat' dir='ltr'>et</span> <span class='ocrx_word' id='word_1_231' title='bbox 198 2823 236 2861; x_wconf 87' lang='lat' dir='ltr'>ex</span> <span class='ocrx_word' id='word_1_232' title='bbox 257 2804 348 2861; x_wconf 88' lang='lat' dir='ltr'>coriis</span> <span class='ocrx_word' id='word_1_233' title='bbox 369 2812 452 2862; x_wconf 89' lang='lat' dir='ltr'>utres</span> <span class='ocrx_word' id='word_1_234' title='bbox 473 2804 519 2861; x_wconf 88' lang='lat' dir='ltr'>uti</span> <span class='ocrx_word' id='word_1_235' title='bbox 547 2805 652 2862; x_wconf 87' lang='lat' dir='ltr'>fierent</span> <span class='ocrx_word' id='word_1_236' title='bbox 676 2806 820 2878; x_wconf 88' lang='lat' dir='ltr'>curabat;</span> <span class='ocrx_word' id='word_1_237' title='bbox 851 2806 942 2862; x_wconf 89' lang='lat' dir='ltr'>simul</span> <span class='ocrx_word' id='word_1_238' title='bbox 964 2806 1027 2863; x_wconf 91' lang='lat' dir='ltr'>ino-</span> 
     </span>
     <span class='ocr_line' id='line_1_34' title="bbox 146 2884 1024 2960; baseline 0.003 -20"><span class='ocrx_word' id='word_1_239' title='bbox 146 2885 228 2958; x_wconf 89' lang='lat' dir='ltr'>piam</span> <span class='ocrx_word' id='word_1_240' title='bbox 257 2884 399 2942; x_wconf 86' lang='lat' dir='ltr'>irumenti</span> <span class='ocrx_word' id='word_1_241' title='bbox 428 2885 520 2941; x_wconf 91' lang='lat' dir='ltr'>lenire</span> <span class='ocrx_word' id='word_1_242' title='bbox 542 2891 574 2942; x_wconf 92' lang='lat' dir='ltr'>et</span> <span class='ocrx_word' id='word_1_243' title='bbox 595 2884 712 2959; x_wconf 79' lang='lat' dir='ltr'>ignaris</span> <span class='ocrx_word' id='word_1_244' title='bbox 738 2885 879 2942; x_wconf 91' lang='lat' dir='ltr'>omnibus</span> <span class='ocrx_word' id='word_1_245' title='bbox 908 2903 1024 2960; x_wconf 88' lang='lat' dir='ltr'>parare,</span> 
     </span>
     <span class='ocr_line' id='line_1_35' title="bbox 146 2965 1025 3039; baseline 0.005 -19"><span class='ocrx_word' id='word_1_246' title='bbox 146 2983 223 3039; x_wconf 90' lang='lat' dir='ltr'>quae</span> <span class='ocrx_word' id='word_1_247' title='bbox 244 2983 316 3021; x_wconf 86' lang='lat' dir='ltr'>mox</span> <span class='ocrx_word' id='word_1_248' title='bbox 337 2965 405 3022; x_wconf 91' lang='lat' dir='ltr'>usui</span> <span class='ocrx_word' id='word_1_249' title='bbox 428 2965 542 3038; x_wconf 74' lang='lat' dir='ltr'>forent3</span> <span class='ocrx_word' id='word_1_250' title='bbox 564 2965 694 3039; x_wconf 92' lang='lat' dir='ltr'>denique</span> <span class='ocrx_word' id='word_1_251' title='bbox 718 2971 804 3021; x_wconf 86' lang='lat' dir='ltr'>sexto</span> <span class='ocrx_word' id='word_1_252' title='bbox 821 2966 879 3036; x_wconf 88' lang='lat' dir='ltr'>dic,</span> <span class='ocrx_word' id='word_1_253' title='bbox 896 2984 964 3024; x_wconf 93' lang='lat' dir='ltr'>cum</span> <span class='ocrx_word' id='word_1_254' title='bbox 987 2967 1025 3024; x_wconf 92' lang='lat' dir='ltr'>ad</span> 
     </span>
    </p>

    <p class='ocr_par' dir='ltr' id='par_1_8' title="bbox 93 3044 1028 3441">
     <span class='ocr_line' id='line_1_36' title="bbox 93 3044 1023 3114; baseline 0.001 -12"><span class='ocrx_word' id='word_1_255' title='bbox 93 3044 256 3102; x_wconf 71' lang='lat' dir='ltr'>etlumen</span> <span class='ocrx_word' id='word_1_256' title='bbox 285 3051 411 3102; x_wconf 91' lang='lat' dir='ltr'>ventum</span> <span class='ocrx_word' id='word_1_257' title='bbox 440 3051 495 3114; x_wconf 90' lang='lat' dir='ltr'>est,</span> <span class='ocrx_word' id='word_1_258' title='bbox 522 3063 667 3102; x_wconf 85' lang='lat' dir='ltr'>maxuma</span> <span class='ocrx_word' id='word_1_259' title='bbox 690 3045 738 3101; x_wconf 85' lang='lat' dir='ltr'>vis</span> <span class='ocrx_word' id='word_1_260' title='bbox 767 3047 879 3103; x_wconf 90' lang='lat' dir='ltr'>utrium</span> <span class='ocrx_word' id='word_1_261' title='bbox 910 3046 1023 3104; x_wconf 89' lang='lat' dir='ltr'>effecta.</span> 
     </span>
     <span class='ocr_line' id='line_1_37' title="bbox 145 3125 1024 3200; baseline 0.003 -20"><span class='ocrx_word' id='word_1_262' title='bbox 145 3125 193 3180; x_wconf 90' lang='lat' dir='ltr'>lbi</span> <span class='ocrx_word' id='word_1_263' title='bbox 214 3125 324 3182; x_wconf 88' lang='lat' dir='ltr'>castris</span> <span class='ocrx_word' id='word_1_264' title='bbox 346 3125 405 3181; x_wconf 90' lang='lat' dir='ltr'>levi</span> <span class='ocrx_word' id='word_1_265' title='bbox 427 3126 616 3182; x_wconf 91' lang='lat' dir='ltr'>munimento</span> <span class='ocrx_word' id='word_1_266' title='bbox 637 3125 756 3200; x_wconf 79' lang='lat' dir='ltr'>positia,</span> <span class='ocrx_word' id='word_1_267' title='bbox 779 3127 893 3183; x_wconf 85' lang='lat' dir='ltr'>milites</span> <span class='ocrx_word' id='word_1_268' title='bbox 922 3127 1024 3184; x_wconf 91' lang='lat' dir='ltr'>cibum</span> 
     </span>
     <span class='ocr_line' id='line_1_38' title="bbox 147 3205 1027 3280; baseline 0.005 -21"><span class='ocrx_word' id='word_1_269' title='bbox 147 3222 252 3279; x_wconf 88' lang='lat' dir='ltr'>capere</span> <span class='ocrx_word' id='word_1_270' title='bbox 268 3210 368 3278; x_wconf 87' lang='lat' dir='ltr'>atque,</span> <span class='ocrx_word' id='word_1_271' title='bbox 385 3205 430 3260; x_wconf 91' lang='lat' dir='ltr'>uti</span> <span class='ocrx_word' id='word_1_272' title='bbox 446 3205 534 3261; x_wconf 91' lang='lat' dir='ltr'>simul</span> <span class='ocrx_word' id='word_1_273' title='bbox 550 3223 619 3261; x_wconf 88' lang='lat' dir='ltr'>cum</span> <span class='ocrx_word' id='word_1_274' title='bbox 634 3223 744 3262; x_wconf 89' lang='lat' dir='ltr'>occasu</span> <span class='ocrx_word' id='word_1_275' title='bbox 764 3205 837 3262; x_wconf 88' lang='lat' dir='ltr'>solis</span> <span class='ocrx_word' id='word_1_276' title='bbox 852 3206 1027 3280; x_wconf 84' lang='lat' dir='ltr'>egrederen-</span> 
     </span>
     <span class='ocr_line' id='line_1_39' title="bbox 146 3284 1026 3359; baseline 0.006 -22"><span class='ocrx_word' id='word_1_277' title='bbox 146 3291 204 3352; x_wconf 87' lang='lat' dir='ltr'>tur,</span> <span class='ocrx_word' id='word_1_278' title='bbox 227 3291 350 3358; x_wconf 86' lang='lat' dir='ltr'>paratos</span> <span class='ocrx_word' id='word_1_279' title='bbox 372 3302 437 3339; x_wconf 88' lang='lat' dir='ltr'>osse</span> <span class='ocrx_word' id='word_1_280' title='bbox 455 3284 557 3356; x_wconf 87' lang='lat' dir='ltr'>jubet:</span> <span class='ocrx_word' id='word_1_281' title='bbox 581 3285 723 3341; x_wconf 89' lang='lat' dir='ltr'>omnibus</span> <span class='ocrx_word' id='word_1_282' title='bbox 749 3286 877 3342; x_wconf 87' lang='lat' dir='ltr'>sarcinis</span> <span class='ocrx_word' id='word_1_283' title='bbox 900 3287 1026 3359; x_wconf 87' lang='lat' dir='ltr'>abjectis</span> 
     </span>
     <span class='ocr_line' id='line_1_40' title="bbox 147 3363 1028 3441; baseline 0.008 -24"><span class='ocrx_word' id='word_1_284' title='bbox 147 3380 226 3435; x_wconf 89' lang='lat' dir='ltr'>aqua</span> <span class='ocrx_word' id='word_1_285' title='bbox 249 3363 339 3418; x_wconf 81' lang='lat' dir='ltr'>niodo</span> <span class='ocrx_word' id='word_1_286' title='bbox 355 3381 447 3438; x_wconf 88' lang='lat' dir='ltr'>seque</span> <span class='ocrx_word' id='word_1_287' title='bbox 462 3367 494 3418; x_wconf 90' lang='lat' dir='ltr'>et</span> <span class='ocrx_word' id='word_1_288' title='bbox 511 3365 651 3436; x_wconf 88' lang='lat' dir='ltr'>jumenta</span> <span class='ocrx_word' id='word_1_289' title='bbox 665 3381 814 3422; x_wconf 83' lang='lat' dir='ltr'>onerare·</span> <span class='ocrx_word' id='word_1_290' title='bbox 842 3365 930 3435; x_wconf 87' lang='lat' dir='ltr'>Dein,</span> <span class='ocrx_word' id='word_1_291' title='bbox 947 3375 1028 3441; x_wconf 91' lang='lat' dir='ltr'>post-</span> 
     </span>
    </p>
   </div>
   <div class='ocr_carea' id='block_1_3' title="bbox 0 0 1178 3718">
    <p class='ocr_par' dir='ltr' id='par_1_9' title="bbox 0 0 1178 3718">
     <span class='ocr_line' id='line_1_41' title="bbox 0 0 1178 3718; baseline 0 1"><span class='ocrx_word' id='word_1_292' title='bbox 0 0 1178 3718; x_wconf 95' lang='lat' dir='ltr'> </span> 
     </span>
    </p>
   </div>
  </div>
 </body>
</html>
