2346 3718
360 171 407 220 on
431 171 553 220 annno
577 172 836 224 raderamno.
1024 158 1067 226 67

131 331 202 390 loca
225 329 365 406 aequalia
386 335 417 387 et
439 330 521 387 nuda
544 331 739 406 gignentium
754 338 866 389 ventus
889 338 1012 391 coortus

133 428 259 470 arenam
276 410 368 467 humo
391 410 545 480 excitavit,
561 430 598 468 ea
622 429 735 486 magna
759 412 791 468 vi
817 412 934 486 agitata
959 431 1013 470 ora

132 492 298 565 oculosque
327 491 450 565 implere
479 491 574 564 solet;
606 491 649 548 ita
676 499 838 567 prospectu
866 492 1011 568 impedito

133 571 246 630 morari
261 571 325 628 iter.
370 570 537 645 Postquam
554 569 745 646 Cyrenenses
766 573 926 646 aliquanto
946 592 1014 649 pos·

132 652 260 710 teriores
283 668 315 708 se
335 668 402 707 esse
418 651 523 708 vident
544 659 576 709 et
598 652 720 708 obrem
742 659 916 727 corruptam
930 654 1012 712 domi
1046 657 1064 714 5

131 749 250 808 poenas
278 736 426 800 metuunt,
456 731 607 788 criminari
637 729 910 807 Carthaginienses
941 742 1012 792 anto

133 821 256 887 tempus
278 810 367 868 domo
389 811 553 885 digressos,
574 813 756 870 conturbare
779 831 860 887 rem;
881 815 1012 890 denique

134 892 239 950 omnia
265 891 355 948 malle
383 909 474 967 quam
496 891 569 949 victi
595 892 685 950 abire.
730 891 790 950 Sed
819 912 888 952 cnm
917 894 1012 952 Poeni

134 973 228 1030 aliam
245 971 460 1039 condicionem,
476 973 688 1030 tantummodo
710 991 847 1049 acquam,
863 980 1009 1050 peterent,

135 1053 246 1111 Graeci
267 1052 422 1127 optionem
446 1051 746 1128 Carthaginiensium
769 1055 890 1125 faciunt,
913 1061 948 1111 ut
963 1056 1010 1113 vel
1028 1059 1064 1117 10

133 1133 189 1204 illi,
206 1151 281 1208 quos
303 1132 376 1189 lines
397 1133 510 1209 populo
532 1151 587 1190 suo
609 1140 756 1209 peterent,
773 1135 814 1191 ibi
830 1135 894 1191 vivi
909 1135 1013 1192 obrue-

133 1221 248 1284 rentur,
264 1213 313 1270 vel
334 1213 439 1270 eadem
462 1214 638 1272 condicione
654 1232 729 1284 sese,
745 1232 835 1289 quem
858 1216 890 1272 in
911 1215 1011 1272 locum

133 1294 257 1364 vellent,
273 1311 476 1369 processuros.
521 1294 661 1352 Philaeni
684 1295 860 1353 condicione
882 1296 1012 1371 probata

134 1392 228 1451 seque
243 1375 397 1450 vitamque
413 1393 500 1432 suam
515 1375 559 1432 rei
573 1375 714 1450 publicae
728 1376 951 1434 condonavere:
968 1377 1012 1434 ita

134 1456 202 1512 vivi
224 1456 332 1513 obruti.
377 1454 647 1530 Carthaginienses
669 1456 702 1512 in
718 1473 754 1512 eo
769 1455 835 1512 loco
855 1455 1012 1514 Philaenis
1028 1457 1063 1516 15

134 1536 281 1594 fratribus
291 1554 359 1594 aras
369 1553 592 1604 consecravere,
603 1536 714 1612 aliique
721 1535 780 1592 illis
789 1536 871 1594 domi
881 1536 1011 1594 honores

134 1617 277 1675 instituti.
319 1616 409 1673 Nunc
424 1617 539 1674 adrem
555 1616 652 1674 redeo.

176 1700 222 1755 80.
245 1697 265 1754 J
268 1697 402 1771 ugurtha
422 1703 586 1772 postquam
601 1696 716 1754 amissa
730 1695 828 1755 Thala
842 1697 919 1755 nihil
934 1697 1012 1754 satis

134 1775 256 1834 firmum
280 1784 385 1834 contra
407 1776 567 1834 Metellum
585 1783 681 1853 putat,
697 1794 751 1851 per
765 1795 893 1851 magnas
909 1778 1011 1835 solitu-

134 1857 222 1915 dines
244 1875 310 1914 cum
334 1857 441 1932 paucis
462 1857 625 1933 profectus
641 1857 780 1933 pervenit
801 1858 839 1916 ad
856 1858 1010 1928 Gaetulos,
1027 1860 1064 1918 20

134 1955 232 2012 genus
247 1937 405 1995 hominum
420 1938 517 1994 ferum
532 1937 740 2013 incultumque
764 1945 795 1995 et
816 1956 852 1994 eo
876 1944 1011 2014 tempore

133 2018 276 2092 ignarum
302 2018 433 2075 nominis
457 2018 597 2076 Romani.
641 2015 756 2074 Eorum
781 2018 1011 2076 multitudinem

133 2097 165 2154 in
188 2116 281 2156 unum
296 2097 380 2173 cogit
395 2116 429 2156 ao
443 2097 591 2173 paulatim
613 2098 797 2156 consuefacit
818 2098 939 2156 ordines
961 2097 1013 2155 ha-

134 2178 213 2248 bere,
236 2178 325 2253 signa
347 2178 440 2255 sequi,
463 2178 622 2253 imperium
653 2179 823 2248 observare,
848 2179 921 2236 item
950 2178 1011 2237 alia

133 2258 279 2316 militaria
293 2259 398 2316 facere.
443 2255 606 2315 Praeterea
620 2259 702 2332 regis
717 2259 831 2316 Bocchi
845 2276 1011 2334 proxumos
1026 2261 1064 2320 at

133 2340 256 2414 magnis
276 2339 453 2396 muneribus
474 2345 505 2395 et
527 2338 693 2412 majoribus
714 2339 875 2414 promissis
897 2340 935 2396 ad
951 2345 1012 2396 stu·

133 2419 218 2476 dium
234 2420 281 2477 sui
294 2419 453 2495 perducit;
474 2418 543 2494 quis
558 2416 749 2492 adjutoribus
764 2437 866 2493 regem
889 2437 1011 2494 aggres-

134 2517 189 2556 sus
203 2499 341 2575 impellit,
354 2499 398 2556 uti
414 2499 562 2556 advorsus
578 2498 736 2556 Romanos
752 2499 864 2557 bellum
876 2499 1009 2574 incipiat.

134 2579 223 2636 Idea
237 2580 336 2654 gratia
350 2579 468 2638 facilius
481 2578 666 2654 proniusque
685 2580 752 2650 fuit,
767 2581 848 2655 quod
870 2579 1010 2638 Bocchus

133 2660 222 2716 initio
246 2660 368 2735 hujusce
391 2659 463 2716 belli
486 2659 604 2734 legatos
619 2659 751 2717 Romam
765 2660 891 2717 miserat
905 2660 1011 2717 foedus
1026 2663 1064 2719 30

134 2745 166 2795 et
181 2740 347 2797 amicitiam
367 2740 507 2816 petitum,
523 2758 617 2814 quam
631 2757 695 2798 rem
709 2740 1010 2817 opportunissumam

134 2819 254 2894 incepto
266 2820 344 2878 bello
354 2821 442 2896 pauci
452 2820 684 2896 impediverant,
697 2820 778 2879 caeci
793 2820 932 2890 avaritia,
942 2821 1011 2895 quis

134 2898 237 2956 omnia
251 2899 380 2958 honesta
399 2907 491 2975 atque
513 2899 676 2959 inhonesta
690 2902 820 2960 vendere
844 2919 911 2958 mos
934 2905 1009 2958 erat.

133 2978 239 3036 Etiam
261 2987 352 3038 antea
366 2980 541 3055 Jugurthao
565 2979 627 3038 filia
642 2981 755 3039 Bocchi
777 2987 930 3056 nupserat.
954 2980 1014 3038 Ve-

133 3077 201 3117 rum
216 3078 252 3117 ea
267 3062 457 3119 necessitudo
474 3061 554 3136 apud
569 3060 719 3118 Numidas
734 3060 920 3137 Maurosque
932 3060 1010 3120 levis
1025 3062 1063 3120 35

133 3139 262 3210 ducitur,
274 3141 346 3216 quia
358 3141 471 3215 singuli
482 3159 537 3218 pro
548 3141 658 3216 opibus
669 3141 795 3217 quisque
807 3159 900 3217 quam
910 3141 1011 3217 pluru-

132 3238 201 3278 mas
215 3239 333 3293 uxorea,
349 3222 443 3278 denas
459 3222 519 3292 alii,
532 3221 584 3278 alii
598 3221 699 3296 plures
714 3220 836 3293 habent,
852 3223 906 3279 sed
922 3240 1011 3297 reges

133 3319 170 3358 eo
194 3302 332 3377 amplius.
377 3301 427 3358 Ita
450 3302 570 3358 animus
592 3300 787 3357 multitudine
810 3302 1009 3360 distrahitur:

134 3381 218 3439 nulla
233 3400 286 3456 pro
302 3383 385 3439 socia
399 3380 531 3455 obtinet;
556 3379 670 3455 pariter
685 3396 790 3437 omnes
806 3380 882 3436 viles
897 3386 976 3438 sunt.
