2322 3718
120 155 183 218 132
404 169 434 216 c.
450 168 632 216 snttusrr
658 167 781 215 ca1sr1

172 327 289 397 dextra,
298 325 504 384 Faesulanum
511 326 662 401 quendam
677 326 709 382 in
719 326 843 382 sinistra
852 331 940 400 parte
951 343 1062 383 curare

172 408 267 484 jubet.
305 407 375 482 lpse
391 425 459 464 cum
476 407 592 464 libertis
607 415 638 462 et
649 407 764 462 colonis
779 414 903 480 propter
918 405 1059 480 aquilam

173 487 302 556 adsistit,
319 505 411 562 quam
423 487 502 544 bello
519 487 670 544 Cimbrico
687 486 720 544 C.
739 486 857 542 Marius
872 485 903 542 in
919 486 1060 542 exercitu

171 569 315 626 habuisse
336 567 501 624 dicebatur.
545 569 590 625 At
614 585 652 624 ex
673 567 770 624 altera
791 575 879 640 parte
906 565 943 624 C.
959 567 1061 624 Anto

137 652 155 707 5
172 650 249 718 nius,
265 648 395 723 pedibus
417 665 516 722 aeger,
534 647 614 722 quod
629 647 744 722 proelio
767 647 873 703 adesse
896 647 1058 720 nequibat,

173 729 213 787 M.
224 729 344 786 Petreio
356 728 458 802 legato
470 729 635 785 exercitum
648 727 805 801 permittit.
844 726 901 782 Ille
914 727 1060 784 cohortes

172 816 341 880 veteranas,
362 826 439 884 quas
469 808 620 864 tumultus
649 825 742 864 causa
769 806 1000 881 conscripserat,
1027 806 1059 862 in

171 891 277 959 fronte,
288 896 359 964 post
373 905 427 946 eas
439 896 574 945 ceterum
584 889 751 944 exercitum
765 887 795 944 in
806 886 955 943 subsidiis
965 888 1057 944 locat.

171 970 242 1045 lpse
270 987 348 1045 equo
379 969 566 1040 circumiens,
592 986 686 1024 unum
717 985 866 1042 quemque
891 969 1059 1025 nominans

119 1051 156 1107 10
172 1050 316 1125 appellat,
338 1050 485 1118 hortatur,
509 1054 608 1124 rogat,
630 1057 664 1105 ut
686 1049 879 1120 meminerint
897 1065 931 1104 se
949 1059 1060 1106 contra

171 1131 305 1188 latrones
330 1131 461 1187 inermes
488 1147 543 1204 pro
567 1129 675 1205 patria,
699 1146 754 1204 pro
779 1128 890 1202 liberta,
914 1146 971 1203 pro
995 1129 1059 1186 aris

171 1216 263 1286 atque
291 1211 366 1268 focis
395 1210 461 1267 suis
489 1216 614 1268 certare.
660 1209 763 1266 Homo
791 1208 944 1280 militaris,
974 1210 1057 1286 quod

171 1291 301 1367 amplius
317 1309 412 1349 annos
432 1291 563 1366 triginta
582 1290 724 1347 tribunus
740 1295 795 1346 aut
813 1289 987 1364 praefectus
1004 1299 1058 1347 aut

171 1372 292 1447 legatus
318 1379 372 1428 aut
393 1378 515 1447 praetor
530 1389 736 1453 currpumagna
759 1370 858 1444 gloria
872 1370 905 1426 in
919 1373 1056 1428 exercitu

119 1453 155 1510 15
171 1452 278 1523 fuerat,
294 1429 557 1528 plerosqussipso‘s'
574 1441 717 1526 ‘factaque
732 1468 837 1508 eorum
853 1452 946 1508 fortia
967 1470 1057 1509 nove

170 1540 232 1590 rat:
255 1552 292 1590 ea
301 1532 566 1590 commemorando
577 1532 709 1588 militum
727 1533 845 1588 animos
861 1532 1053 1590 accendebat.

212 1617 257 1671 60.
281 1612 341 1670 Sed
365 1613 425 1682 ubi,
442 1613 584 1670 omnibus
607 1612 697 1669 rebus
719 1612 895 1687 exploratis
913 1612 1055 1672 Petreius

171 1694 246 1750 tuba
264 1694 388 1768 signum
399 1693 461 1764 dat,
482 1692 623 1750 cohortes
637 1691 786 1768 paulatim
801 1692 939 1750 incedere
958 1695 1052 1769 jubet.

171 1773 257 1830 Idem
278 1773 351 1831 facit
374 1774 507 1832 hostiurn
529 1774 688 1830 exercitus,
734 1773 904 1848 Postquam
929 1793 966 1830 eo
985 1792 1054 1831 ven-

118 1858 156 1914 20
171 1860 234 1911 turn
245 1860 300 1925 est,
314 1855 393 1912 unde
406 1853 604 1912 alerentariis
615 1853 765 1929 proelium
777 1854 924 1910 committi
938 1861 1051 1928 posset,

170 1953 313 1992 maxumo
337 1935 468 1992 clamore
494 1952 561 1991 cum
585 1934 705 1990 infestis
730 1933 829 2008 signis
850 1942 1050 2009 concurrunt3

170 2015 233 2090 pila
255 2014 409 2084 omittunt,
427 2015 539 2090 gladiis
565 2031 614 2071 res
640 2015 763 2089 geritur.
808 2014 965 2084 Veterani,
981 2016 1053 2090 pris·

170 2096 253 2152 tinae
276 2096 400 2152 virtutis
422 2111 580 2163 memores
597 2095 768 2152 comminus
790 2095 898 2152 acriter
919 2095 1051 2168 instare;

171 2175 215 2232 illi
244 2175 326 2232 haud
354 2175 452 2232 timidi
481 2176 647 2232 resistunt:
679 2193 821 2231 nraxuma
847 2176 876 2231 vi
905 2183 1049 2234 certatur.

118 2261 155 2316 25
171 2257 293 2314 Interea
319 2255 454 2313 Catilina
479 2274 547 2313 curu
569 2255 720 2330 expeditis
744 2255 775 2312 in
795 2256 894 2330 prima
909 2255 973 2312 acie
988 2273 1052 2313 vor·

172 2337 241 2405 sari,
263 2337 473 2394 laborantibus
499 2353 681 2406 succurrere,
702 2336 838 2408 integros
861 2353 914 2410 pro
941 2337 1051 2394 sauciis

172 2434 332 2488 arcessere,
349 2417 453 2474 omnia
473 2416 642 2492 providere,
665 2416 794 2472 multum
817 2417 883 2490 ipse
903 2434 1049 2491 pugnare,

172 2515 260 2572 saepe
283 2497 402 2554 hostem
424 2497 527 2554 ferire:
551 2497 667 2554 strenui
689 2497 795 2552 militis
816 2502 847 2553 et
869 2496 940 2552 boni
962 2498 1052 2571 impe-

171 2578 282 2634 ratoris
307 2577 404 2634 officia
433 2577 524 2634 simul
549 2577 781 2651 exsequebatur.
826 2576 976 2647 Petreius,
1000 2578 1049 2635 ubi

118 2663 156 2718 30
172 2657 254 2714 videt
291 2657 463 2726 Catilinam,
488 2663 594 2714 contra
619 2675 653 2714 ac
681 2664 767 2715 ratus
789 2664 864 2725 erat,
882 2675 997 2732 magna
1021 2659 1050 2716 vi

171 2737 303 2807 tendere,
320 2738 474 2796 cohortem
497 2737 682 2814 praetoriam
702 2738 733 2793 in
756 2737 873 2795 medios
891 2737 996 2795 hostes
1011 2739 1051 2794 in-

172 2818 263 2888 ducit,
289 2836 401 2894 eosque
432 2819 629 2893 perturbatos
653 2829 743 2893 atque
770 2817 845 2891 alios
869 2817 941 2874 alibi
965 2820 1052 2876 resis-

171 2904 271 2955 tentes
300 2898 448 2955 interficit.
507 2898 626 2955 Deinde
655 2898 807 2973 utrimque
836 2917 873 2954 ex
907 2898 1051 2956 lateribus

172 2986 289 3036 ceteros
311 2980 497 3053 aggreditur.
542 2976 676 3035 Manlius
691 2985 722 3034 et
743 2978 935 3036 Faesulanus
951 2979 981 3035 in
997 2981 1052 3054 pri-

119 3062 155 3118 35
174 3059 232 3116 mis
260 3067 434 3134 pugnantes
457 3059 577 3115 cadunt.
623 3057 758 3116 Catilina
782 3067 945 3134 postquam
969 3060 1051 3116 fusas

172 3140 276 3213 copias
305 3157 396 3211 seque
425 3156 494 3194 cum
523 3139 630 3210 paucis
659 3139 797 3195 relictum
823 3140 907 3196 videt
938 3152 1052 3197 memor

172 3217 291 3289 generis
316 3223 405 3289 atque
420 3215 567 3289 pristinae
583 3234 655 3272 suae
671 3218 841 3290 dignitatis,
854 3220 885 3275 in
901 3237 917 3274 c
972 3220 1053 3276 ertis·

175 3312 279 3350 sumes
296 3295 399 3350 hostes
415 3295 539 3349 incurrit
554 3294 656 3366 ibique
671 3314 814 3368 pugnans
830 3298 1012 3364 confoditlar.

214 3375 259 3428 61.
283 3372 615 3444 Sedconfectoproelio,
624 3379 690 3427 turn
699 3391 770 3430 vero
781 3393 928 3448 cerneres,
938 3377 1053 3456 qu‘qpta
1134 3383 1135 3388 ’
