2346 3718
100 153 143 218 24
377 169 406 215 c.
422 167 601 215 snaausrr
626 167 750 214 ee1sr1

153 328 235 403 apud
250 327 323 384 dees
338 327 526 384 immortales
541 343 640 383 rerum
656 325 858 383 humanarum
873 344 945 384 cura
960 327 1037 385 orie·

153 413 203 465 tur
213 429 219 465 :
230 426 268 464 ne
278 407 336 477 ille,
349 407 401 482 qui
411 426 491 465 nune
501 406 665 464 sceleribus
678 407 743 463 suis
753 407 838 464 ferox
848 413 938 482 atque
949 426 1036 482 prae-

154 489 254 545 clarus
284 494 339 556 est,
361 488 503 544 omnibus
531 486 622 544 malis
647 487 837 544 excruciatus
866 487 1034 562 impietatis

152 569 183 624 in
198 574 354 642 parentem
373 575 519 640 nestrum,
536 567 640 624 fratris
655 567 716 622 mei
732 567 814 624 neeis
837 585 1033 642 mearumque

119 653 137 710 5
153 649 344 705 miseriarum
359 666 471 722 graves
487 665 600 723 poenas
610 646 724 704 reddat.
768 647 786 704 ,1
792 664 840 702 am
851 649 915 720 jam
930 647 1032 716 frater,

153 729 254 785 anime
270 746 338 785 mee
364 728 540 796 carissume,
554 745 741 802 quemquam
755 727 811 784 tibi
827 728 988 784 immaturo
1003 736 1035 784 et

152 810 232 866 unde
245 809 379 865 minume
387 808 489 865 decuit
497 807 672 882 vitaerepta
680 813 736 877 est,
745 813 847 865 tamen
856 807 1034 864 laetandum

151 889 251 962 magis
266 907 355 964 quarn
376 888 540 946 delendum
554 895 628 963 puto
645 905 749 945 casnm
761 895 865 961 tunm;
880 887 1033 945 nonenim

151 987 288 1044 regnum,
311 969 364 1026 sed
388 969 501 1044 fugam,
519 967 669 1038 exsilium,
686 973 856 1042 egestatem
875 973 907 1024 et
928 985 1034 1024 omnes

100 1052 136 1109 10
151 1050 216 1118 has,
233 1067 310 1124 qnae
326 1067 373 1106 me
390 1054 540 1124 premunt,
559 1065 723 1105 aerumnas
741 1066 809 1104 eum
825 1048 928 1104 anima
942 1047 1033 1104 simul

152 1131 291 1187 amisisti.
328 1130 373 1186 At
385 1148 442 1204 ege
452 1129 566 1198 infelix,
580 1129 612 1184 in
622 1135 711 1186 tanta
722 1128 804 1184 mala
815 1128 1033 1203 praecipitatus

150 1229 189 1268 ex
212 1210 311 1285 patrie
340 1227 443 1283 regne,
460 1227 561 1266 rerum
589 1208 793 1266 humanarum
824 1208 1032 1283 spectaculum

150 1292 288 1366 praebeo,
307 1291 440 1347 incertus
456 1290 529 1365 quid
543 1307 642 1364 agam,
660 1295 769 1346 tuasne
794 1287 920 1362 injurias
935 1305 1034 1364 perse·

151 1368 1033 1446 quar,ipseauxiliegensanregneconsulam,cujusvitae

100 1453 136 1509 15
152 1453 291 1526 necisque
306 1457 444 1527 potestas
454 1469 491 1508 ex
502 1451 609 1524 opibus
620 1451 728 1508 alienis
743 1450 863 1525 pendet.
903 1449 1031 1506 Utinam

151 1533 245 1588 emori
256 1533 387 1589 fortunis
403 1533 477 1588 meis
488 1531 635 1588 honestus
646 1531 745 1587 exitus
757 1536 846 1596 esset,
861 1549 921 1587 neu
929 1531 1032 1587 vivere

151 1618 343 1687 contemptus
357 1612 482 1681 viderer,
492 1612 517 1668 si
530 1612 669 1668 defessus
679 1611 768 1667 malis
778 1609 904 1683 injuriae
915 1628 1034 1668 conces-

150 1693 266 1749 sissem.
311 1691 400 1749 Nune
416 1709 512 1766 neque
529 1692 630 1750 vivere
647 1692 738 1760 lubet,
752 1709 852 1766 neque
869 1692 945 1748 meri
961 1692 1033 1749 lieet

151 1774 215 1829 sine
223 1772 377 1829 dedecore.
411 1773 519 1828 Patres
530 1772 702 1847 conscripti,
714 1789 839 1846 pervos,
858 1789 911 1847 per
922 1772 1032 1830 liberes

98 1853 136 1910 20
152 1858 241 1927 atque
262 1859 405 1928 parentes
428 1859 558 1921 vestroe,
574 1871 628 1929 per
643 1855 833 1927 majestatem
851 1853 955 1928 populi
972 1854 1033 1910 Re·

151 1934 241 2002 mani,
261 1934 421 1990 subvenite
443 1933 519 1989 mihi
541 1935 662 2003 misere,
685 1934 727 1990 ite
750 1933 872 1991 obviarn
894 1934 1030 2007 injuriae,

151 2013 244 2071 nolite
259 2014 323 2089 peti
338 2031 464 2088 regnum
480 2013 652 2084 Numidiae,
667 2014 748 2089 quod
760 2020 897 2071 vestrum
912 2021 968 2085 est,
978 2032 1033 2089 per

150 2094 249 2152 scelus
263 2101 294 2152 et
309 2095 490 2168 sanguinem
506 2094 638 2152 familiae
655 2100 776 2152 nostrae
793 2096 976 2153 tabescere.’'

194 2176 237 2232 15.
261 2174 431 2249 Postquam
446 2191 498 2232 rex
515 2173 603 2232 linem
619 2175 763 2250 loquendi
780 2176 858 2245 iecit,
870 2176 962 2250 legati
978 2174 1032 2232 Ju-

97 2255 135 2313 25
150 2255 287 2327 gurthae‚
303 2255 464 2329 largitione
486 2256 585 2330 magis
600 2274 694 2330 quam
718 2274 811 2313 eausa
828 2257 906 2325 freti,
925 2257 1031 2331 paneis

151 2336 354 2410 respondent:
379 2335 588 2409 Hiempsalem
620 2337 658 2393 eb
688 2337 850 2393 saevitiam
882 2355 967 2394 suam
991 2338 1029 2394 ab

150 2413 297 2473 Numidis
325 2416 539 2490 interfectum;
570 2416 777 2474 Adherbalem
809 2417 888 2474 ultre
917 2417 1030 2474 bellurn

150 2495 337 2566 inferentem,
353 2502 515 2571 postquam
536 2502 697 2572 superatus
713 2497 762 2568 sit,
779 2499 873 2572 queri,
892 2498 973 2572 qued
988 2498 1030 2554 in-

145 2576 258 2649 juriam
280 2577 377 2634 facere
408 2576 616 2650 nequivisset:
639 2577 828 2651 Jugurthanr
857 2579 895 2634 ab
921 2585 1029 2634 senatu

96 2657 135 2713 30
150 2663 261 2730 petere,
272 2675 309 2713 ne
326 2675 357 2713 se
370 2656 463 2713 alium
480 2663 632 2732 putarent,
646 2676 680 2715 ac
693 2658 879 2715 Numantiae
890 2659 1030 2733 cognitus

149 2742 239 2807 esset,
256 2754 314 2794 neu
332 2737 427 2793 verba
451 2737 565 2794 inimici
592 2744 663 2795 ante
687 2739 768 2796 facta
792 2755 848 2796 sua
873 2745 1028 2812 ponerent.

151 2816 268 2874 Deinde
284 2817 404 2892 utrique
421 2817 505 2874 euria
519 2819 726 2892 egrediuntur.
771 2819 904 2877 Senatus
921 2819 1028 2875 statim

149 2898 324 2954 consulitur.
372 2897 522 2955 Fautores
537 2899 718 2973 legatorum,
729 2905 888 2973 praeterea
903 2908 1029 2956 senatus

150 2995 262 3048 inagna
276 2995 357 3052 pars,
370 2978 654 3054 gratiadepravata,
666 2979 851 3038 Adherbalis
867 2979 947 3037 dicta
962 2998 1030 3036 con-

96 3057 133 3113 35
149 3063 293 3127 temnere,
325 3058 502 3132 Jugurthee
531 3059 676 3116 virtutem
704 3061 847 3117 extollere
869 3060 1027 3117 laudibus:

150 3139 258 3211 gretia,
282 3156 365 3205 voce,
388 3138 518 3213 denique
547 3140 689 3196 omnibus
718 3141 816 3198 medis
844 3158 899 3216 pre
928 3141 1028 3197 aliene

149 3218 260 3274 scelere
284 3223 316 3275 et
335 3217 451 3291 flagitio
473 3236 529 3275 sua
543 3220 630 3293 quasi
651 3236 705 3294 pre
727 3220 826 3294 gloria
844 3220 1026 3277 nitebantur.
1079 3275 1084 3282 ,

149 3295 194 3354 Aa
218 3303 325 3354 eontra
345 3297 444 3371 pauci,
461 3298 571 3373 quibus
585 3299 696 3356 bonnm
713 3307 744 3356 et
760 3318 893 3375 aequum
910 3300 1028 3358 divitiis

150 3376 251 3433 cerins
267 3383 340 3446 erat,
358 3377 602 3435 subveniundum
615 3378 782 3436 Adherbali
796 3387 827 3438 et
837 3379 1028 3455 Hiempsalis

1154 365 1163 908 ι
