2346 3718
131 162 175 229 46
409 182 439 229 e.
456 181 637 228 sannosrr
662 181 783 228 oursrr

186 341 242 396 sibi
264 343 434 414 traderent;
457 347 590 397 ceterum
612 341 723 416 palam,
747 358 824 414 quae
847 357 885 397 ex
908 342 1064 400 voluntate

186 421 291 489 forent,
322 421 387 494 regi
415 421 549 477 nuntiari
574 422 668 494 jubet.
714 420 832 476 Deinde
864 421 929 494 ipse
960 426 1064 497 paucis

187 501 294 557 diebus
317 502 434 557 intento
451 510 541 575 atque
557 500 667 557 infesto
682 501 818 558 exercitu
833 501 865 556 iu
887 501 1065 561 Numidiam

186 582 331 656 procedit,
349 581 401 638 ubi
423 591 529 638 contra
544 581 614 636 belli
638 582 744 637 faciem
767 580 892 654 tuguria
912 583 1003 657 plena
1018 585 1067 642 ho·

154 665 170 720 5
187 662 312 731 minum,
328 679 436 736 pecora
453 661 643 736 cultoresque
660 661 691 716 in
708 661 790 734 agris
807 669 911 736 erant3
933 683 971 722 ex
987 667 1067 742 oppi-

187 742 235 798 dis
250 747 281 799 et
296 742 466 816 mapalibus
489 742 633 816 praelecti
657 741 736 815 regis
753 742 832 798 obvii
855 746 1065 818 procedebant,

113 819 114 822 ’
186 823 284 896 parati
308 823 492 879 frumentum
517 823 597 889 dare,
622 832 827 879 commeatum
849 833 979 898 portare,
1003 845 1068 902 pos·

186 910 281 959 tremo
311 903 412 959 onmia
442 920 519 977 quae
547 903 771 976 imperarentur
799 903 904 962 facere.
962 905 1067 983 Neque

187 981 331 1040 Metellrs
361 984 472 1040 idcirco
503 983 611 1052 minue,
638 985 690 1040 sed
721 984 835 1060 pariter
858 1003 891 1042 ac
914 985 938 1042 si
964 986 1067 1044 hostes

137 1068 173 1124 10
189 1065 339 1133 adessent,
364 1063 482 1122 munito
507 1064 627 1138 agmine
653 1065 799 1135 incedere,
828 1065 889 1122 late
910 1067 1067 1142 explorare

188 1144 297 1213 omnia,
315 1145 367 1200 illa
383 1145 548 1201 deditionis
566 1146 655 1218 signa
673 1146 806 1202 ostentui
823 1146 943 1204 credere
955 1156 986 1204 et
1000 1148 1069 1204 insi-

188 1224 247 1281 diis
276 1225 373 1281 locum
396 1226 546 1300 temptari.
594 1226 703 1300 Itaque
733 1227 797 1301 ipse
822 1243 890 1282 cum
918 1229 1068 1302 expeditis

189 1306 371 1375 cohortibus
383 1307 456 1363 item
472 1307 663 1363 funditorum
675 1307 1069 1380 etsagittariorumdelecta

189 1405 281 1443 manu
311 1387 389 1461 apud
411 1388 525 1464 primos
558 1395 638 1459 erat,
667 1388 698 1443 in
725 1395 878 1462 postremo
901 1388 934 1446 O.
951 1389 1068 1446 Marius

138 1473 173 1530 15
189 1468 310 1542 legatus
333 1487 400 1525 cum
423 1468 581 1544 equitibus
596 1468 741 1540 curabat;
764 1468 795 1524 in
812 1474 973 1542 utrumque
989 1470 1068 1526 latus

190 1548 364 1605 auxiliarios
389 1550 506 1623 equites
526 1549 658 1605 tribunis
683 1549 837 1623 legionum
860 1555 891 1605 et
909 1551 1069 1624 praelectis

190 1629 359 1686 cohortium
373 1630 598 1704 dispertiverat,
617 1637 652 1685 ut
663 1647 729 1685 cum
744 1630 789 1686 eis
801 1630 943 1703 permixti
952 1631 1068 1700 velites

190 1728 380 1784 quocumque
404 1711 592 1777 accederent,
617 1711 773 1784 equitatus
796 1709 930 1766 hostium
952 1711 1070 1786 propul-

190 1797 300 1848 sarent.
338 1789 424 1848 *Nam
447 1791 478 1846 in
500 1790 658 1863 Jugurtha
682 1796 789 1846 tantus
811 1790 899 1846 dolus
924 1797 1070 1866 tantaque

137 1877 175 1933 20
191 1871 300 1945 peritia
321 1870 451 1927 locorum
470 1876 501 1926 et
516 1871 644 1927 militiae
661 1880 736 1940 erat,
749 1878 783 1926 ut
799 1872 910 1928 absens
926 1889 965 1926 an
987 1890 1070 1945 prae-

191 1969 269 2015 sens.
283 1970 386 2028 pacem
408 1970 447 2008 an
465 1951 575 2008 bellum
597 1969 708 2026 gerens
722 1951 918 2027 perniciosior
932 1957 1023 2022 esset,
1040 1953 1070 2010 iu

191 2032 305 2089 incerto
321 2033 492 2089 haberetur.

232 2116 276 2172 li.
300 2113 376 2169 Erat
392 2113 472 2169 haud
490 2113 578 2186 longe
595 2113 633 2169 ab
654 2131 689 2169 eo
713 2112 829 2180 itinere,
846 2129 905 2185 quo
926 2111 1070 2170 Metellus
1146 2175 1147 2182 ,

191 2194 345 2268 pergebat,
359 2194 503 2268 oppidum
515 2192 719 2250 Numidarum
738 2191 963 2265 nomineVaga,
973 2195 1069 2250 forum

138 2279 175 2336 25
191 2292 290 2330 rerum
313 2274 465 2330 venalium
487 2273 583 2331 totius
606 2274 691 2347 regni
714 2291 856 2329 maxume
878 2273 1069 2343 celebratum,

191 2355 243 2410 ubi
259 2362 290 2411 et
306 2355 435 2412 incolere
451 2362 482 2411 et
497 2355 625 2411 mercari
642 2361 863 2411 consueverant
873 2353 973 2410 Italici
985 2373 1072 2428 gene·

191 2435 233 2491 ris
255 2435 342 2491 multi
367 2436 519 2492 mortales.
564 2434 635 2492 Huc
659 2434 772 2503 consul,
790 2433 879 2490 simul
900 2435 1071 2508 temptandi

192 2516 292 2587 gratia
305 2521 344 2585 et,
362 2516 387 2572 si
408 2522 594 2591 paterentur,
610 2513 853 2590 opportunitatis
880 2513 946 2583 loci,
961 2516 1071 2590 praesi-
1146 2521 1147 2532 ¹

192 2596 276 2652 dium
289 2597 442 2670 imposuit.
488 2595 652 2653 Praeterea
668 2595 830 2669 imperavit
845 2595 1031 2651 frumentum
1042 2603 1071 2651 et

139 2682 176 2737 30
192 2676 259 2743 alia,
271 2677 432 2750 quaebello
442 2677 510 2733 usui
522 2677 629 2747 forent,
639 2683 838 2751 comportare,
850 2681 942 2743 ratuS,
953 2675 1070 2750 idquod

167 2787 170 2792 ·
192 2774 240 2812 res
255 2757 405 2825 monebat,
422 2758 621 2832 frequentiam
639 2757 864 2831 negotiatorum
883 2761 914 2812 et
925 2773 1071 2814 commea·

192 2843 258 2893 tum
269 2838 446 2909 juvaturum
457 2838 622 2894 exercitum
633 2845 664 2895 et
674 2841 738 2913 jam
751 2838 866 2913 paratis
875 2837 965 2893 rebus
976 2837 1071 2893 muni-

192 2924 295 2974 mento
306 2918 376 2975 fore.
421 2918 505 2974 Inter
519 2918 593 2974 haec
605 2918 894 2992 negotialugurtba
905 2917 1069 2991 impensius

193 2999 283 3055 modo
293 2999 412 3070 legatos
423 2999 576 3072 supplices
591 2999 719 3064 mittere,
728 3017 833 3073 pacem
850 3016 942 3060 orare.
953 3003 1070 3073 praeter

139 3083 279 3139 saeuam
302 3079 525 3152 liberorumque
548 3079 642 3135 vitam
673 3080 775 3136 omnia
798 3078 923 3136 Metello
953 3079 1068 3136 dedere.

195 3159 279 3231 Quos
294 3160 366 3214 item
382 3160 427 3214 uti
438 3159 552 3232 priores
565 3159 669 3215 consul
687 3159 805 3216 illectos
817 3161 855 3217 ad
868 3159 1068 3235 proditionem

193 3239 315 3294 domum
339 3239 530 3310 dimittebat;
558 3239 621 3311 regi
645 3257 759 3312 pacem,
777 3258 867 3314 quam
885 3241 1068 3314 postulabat,

194 3335 290 3391 neque
313 3319 441 3375 abnuere
465 3336 560 3391 neque
583 3319 725 3391 polliceri,
745 3327 776 3376 et
797 3320 876 3378 inter
896 3338 950 3378 eas
971 3339 1070 3380 moras

193 3397 344 3472 promissa
359 3398 530 3470 legatorum
545 3405 729 3470 exspectare.
