<?xml version="1.0" encoding="UTF-8"?>
<!DOCTYPE html PUBLIC "-//W3C//DTD XHTML 1.0 Transitional//EN"
    "http://www.w3.org/TR/xhtml1/DTD/xhtml1-transitional.dtd">
<html xmlns="http://www.w3.org/1999/xhtml" xml:lang="en" lang="en">
 <head>
  <title>
</title>
<meta http-equiv="Content-Type" content="text/html;charset=utf-8" />
  <meta name='ocr-system' content='tesseract 3.04.00' />
  <meta name='ocr-capabilities' content='ocr_page ocr_carea ocr_par ocr_line ocrx_word'/>
</head>
<body>
  <div class='ocr_page' id='page_1' title='image "./csallusticrispi01stuagoog_0038.png"; bbox 0 0 2346 3718; ppageno 0'>
   <div class='ocr_carea' id='block_1_1' title="bbox 369 154 1072 219">
    <p class='ocr_par' dir='ltr' id='par_1_1' title="bbox 369 154 1072 219">
     <span class='ocr_line' id='line_1_1' title="bbox 369 154 1072 219; baseline 0.001 -1"><span class='ocrx_word' id='word_1_1' title='bbox 369 170 415 218; x_wconf 87' lang='lat' dir='ltr'>nn</span> <span class='ocrx_word' id='word_1_2' title='bbox 439 168 560 216; x_wconf 82' lang='lat' dir='ltr'>nanno</span> <span class='ocrx_word' id='word_1_3' title='bbox 586 167 843 218; x_wconf 80' lang='lat' dir='ltr'>rneunruruo</span> <span class='ocrx_word' id='word_1_4' title='bbox 1031 154 1072 219; x_wconf 87' lang='lat'>31</span> 
     </span>
    </p>
   </div>
   <div class='ocr_carea' id='block_1_2' title="bbox 134 327 1111 3453">
    <p class='ocr_par' dir='ltr' id='par_1_2' title="bbox 140 327 1022 631">
     <span class='ocr_line' id='line_1_2' title="bbox 140 327 1019 408; baseline -0.008 -17"><span class='ocrx_word' id='word_1_5' title='bbox 140 333 255 408; x_wconf 85' lang='lat' dir='ltr'>Regno</span> <span class='ocrx_word' id='word_1_6' title='bbox 270 329 443 398; x_wconf 80' lang='lat' dir='ltr'>Numidiae,</span> <span class='ocrx_word' id='word_1_7' title='bbox 459 327 541 402; x_wconf 91' lang='lat' dir='ltr'>qnod</span> <span class='ocrx_word' id='word_1_8' title='bbox 556 332 693 384; x_wconf 89' lang='lat' dir='ltr'>vostrum</span> <span class='ocrx_word' id='word_1_9' title='bbox 709 333 764 398; x_wconf 88' lang='lat' dir='ltr'>est,</span> <span class='ocrx_word' id='word_1_10' title='bbox 781 328 826 385; x_wconf 90' lang='lat' dir='ltr'>uti</span> <span class='ocrx_word' id='word_1_11' title='bbox 841 327 934 397; x_wconf 92' lang='lat' dir='ltr'>lubet,</span> <span class='ocrx_word' id='word_1_12' title='bbox 950 346 1019 384; x_wconf 90' lang='lat' dir='ltr'>eon·</span> 
     </span>
     <span class='ocr_line' id='line_1_3' title="bbox 141 407 1019 483; baseline -0.007 -13"><span class='ocrx_word' id='word_1_13' title='bbox 141 413 251 470; x_wconf 87' lang='lat' dir='ltr'>sulite:</span> <span class='ocrx_word' id='word_1_14' title='bbox 273 429 321 467; x_wconf 90' lang='lat' dir='ltr'>me</span> <span class='ocrx_word' id='word_1_15' title='bbox 343 409 482 466; x_wconf 87' lang='lat' dir='ltr'>manibus</span> <span class='ocrx_word' id='word_1_16' title='bbox 503 407 607 483; x_wconf 84' lang='lat' dir='ltr'>impiis</span> <span class='ocrx_word' id='word_1_17' title='bbox 627 408 744 482; x_wconf 80' lang='lat' dir='ltr'>eripite,</span> <span class='ocrx_word' id='word_1_18' title='bbox 761 427 814 483; x_wconf 91' lang='lat' dir='ltr'>per</span> <span class='ocrx_word' id='word_1_19' title='bbox 829 410 1019 481; x_wconf 87' lang='lat' dir='ltr'>majestatem</span> 
     </span>
     <span class='ocr_line' id='line_1_4' title="bbox 140 488 1022 568; baseline -0.007 -18"><span class='ocrx_word' id='word_1_20' title='bbox 140 493 262 568; x_wconf 87' lang='lat' dir='ltr'>imperi,</span> <span class='ocrx_word' id='word_1_21' title='bbox 277 509 331 566; x_wconf 92' lang='lat' dir='ltr'>per</span> <span class='ocrx_word' id='word_1_22' title='bbox 345 490 497 546; x_wconf 79' lang='lat' dir='ltr'>amicitiae</span> <span class='ocrx_word' id='word_1_23' title='bbox 513 489 610 557; x_wconf 90' lang='lat' dir='ltr'>fidem,</span> <span class='ocrx_word' id='word_1_24' title='bbox 626 488 652 544; x_wconf 90' lang='lat' dir='ltr'>si</span> <span class='ocrx_word' id='word_1_25' title='bbox 667 488 730 544; x_wconf 92' lang='lat' dir='ltr'>ulla</span> <span class='ocrx_word' id='word_1_26' title='bbox 744 488 826 563; x_wconf 92' lang='lat' dir='ltr'>apud</span> <span class='ocrx_word' id='word_1_27' title='bbox 842 506 896 545; x_wconf 91' lang='lat' dir='ltr'>vos</span> <span class='ocrx_word' id='word_1_28' title='bbox 911 506 1022 545; x_wconf 91' lang='lat' dir='ltr'>memo-</span> 
     </span>
     <span class='ocr_line' id='line_1_5' title="bbox 140 568 709 631; baseline -0.012 -1"><span class='ocrx_word' id='word_1_29' title='bbox 140 575 190 631; x_wconf 89' lang='lat' dir='ltr'>ria</span> <span class='ocrx_word' id='word_1_30' title='bbox 204 577 341 628; x_wconf 80' lang='lat' dir='ltr'>remanet</span> <span class='ocrx_word' id='word_1_31' title='bbox 356 570 405 626; x_wconf 90' lang='lat' dir='ltr'>avi</span> <span class='ocrx_word' id='word_1_32' title='bbox 420 570 479 626; x_wconf 90' lang='lat' dir='ltr'>mei</span> <span class='ocrx_word' id='word_1_33' title='bbox 497 568 709 626; x_wconf 85' lang='lat' dir='ltr'>Masinissae.’&#39;</span> 
     </span>
    </p>

    <p class='ocr_par' dir='ltr' id='par_1_3' title="bbox 134 648 1111 3212">
     <span class='ocr_line' id='line_1_6' title="bbox 187 648 1073 722; baseline -0.005 -11"><span class='ocrx_word' id='word_1_34' title='bbox 187 656 232 711; x_wconf 76' lang='lat'>25.</span> <span class='ocrx_word' id='word_1_35' title='bbox 257 651 317 708; x_wconf 90' lang='lat' dir='ltr'>His</span> <span class='ocrx_word' id='word_1_36' title='bbox 338 650 449 707; x_wconf 90' lang='lat' dir='ltr'>litteris</span> <span class='ocrx_word' id='word_1_37' title='bbox 470 648 604 706; x_wconf 88' lang='lat' dir='ltr'>recitatis</span> <span class='ocrx_word' id='word_1_38' title='bbox 625 648 717 718; x_wconf 86' lang='lat' dir='ltr'>fuere,</span> <span class='ocrx_word' id='word_1_39' title='bbox 734 649 784 722; x_wconf 91' lang='lat' dir='ltr'>qui</span> <span class='ocrx_word' id='word_1_40' title='bbox 807 649 973 705; x_wconf 85' lang='lat' dir='ltr'>exercitum</span> <span class='ocrx_word' id='word_1_41' title='bbox 988 648 1020 705; x_wconf 92' lang='lat' dir='ltr'>in</span> <span class='ocrx_word' id='word_1_42' title='bbox 1055 651 1073 707; x_wconf 87' lang='lat'>5</span> 
     </span>
     <span class='ocr_line' id='line_1_7' title="bbox 140 729 1022 802; baseline -0.006 -11"><span class='ocrx_word' id='word_1_43' title='bbox 140 733 283 791; x_wconf 86' lang='lat' dir='ltr'>Africam</span> <span class='ocrx_word' id='word_1_44' title='bbox 298 730 483 787; x_wconf 89' lang='lat' dir='ltr'>mittendum</span> <span class='ocrx_word' id='word_1_45' title='bbox 498 733 695 786; x_wconf 88' lang='lat' dir='ltr'>censerentet</span> <span class='ocrx_word' id='word_1_46' title='bbox 705 746 796 802; x_wconf 90' lang='lat' dir='ltr'>quam</span> <span class='ocrx_word' id='word_1_47' title='bbox 812 729 943 802; x_wconf 90' lang='lat' dir='ltr'>primum</span> <span class='ocrx_word' id='word_1_48' title='bbox 960 729 1022 786; x_wconf 91' lang='lat' dir='ltr'>Ad-</span> 
     </span>
     <span class='ocr_line' id='line_1_8' title="bbox 141 808 1022 882; baseline -0.005 -12"><span class='ocrx_word' id='word_1_49' title='bbox 141 812 261 870; x_wconf 89' lang='lat' dir='ltr'>herbali</span> <span class='ocrx_word' id='word_1_50' title='bbox 284 809 547 882; x_wconf 80' lang='lat' dir='ltr'>subveniundum3</span> <span class='ocrx_word' id='word_1_51' title='bbox 581 809 618 865; x_wconf 89' lang='lat' dir='ltr'>de</span> <span class='ocrx_word' id='word_1_52' title='bbox 643 808 800 882; x_wconf 65' lang='lat' dir='ltr'>«iugurtha</span> <span class='ocrx_word' id='word_1_53' title='bbox 826 808 947 866; x_wconf 85' lang='lat' dir='ltr'>interim</span> <span class='ocrx_word' id='word_1_54' title='bbox 976 808 1022 867; x_wconf 92' lang='lat' dir='ltr'>uti</span> 
     </span>
     <span class='ocr_line' id='line_1_9' title="bbox 141 888 1022 964; baseline -0.005 -14"><span class='ocrx_word' id='word_1_55' title='bbox 141 892 360 960; x_wconf 85' lang='lat' dir='ltr'>consuleretur,</span> <span class='ocrx_word' id='word_1_56' title='bbox 376 889 519 964; x_wconf 91' lang='lat' dir='ltr'>quoniam</span> <span class='ocrx_word' id='word_1_57' title='bbox 542 888 653 962; x_wconf 90' lang='lat' dir='ltr'>legatis</span> <span class='ocrx_word' id='word_1_58' title='bbox 674 906 735 945; x_wconf 91' lang='lat' dir='ltr'>non</span> <span class='ocrx_word' id='word_1_59' title='bbox 757 889 916 963; x_wconf 88' lang='lat' dir='ltr'>paruisset.</span> <span class='ocrx_word' id='word_1_60' title='bbox 961 889 1022 946; x_wconf 84' lang='lat' dir='ltr'>Sed</span> 
     </span>
     <span class='ocr_line' id='line_1_10' title="bbox 143 969 1022 1045; baseline -0.005 -15"><span class='ocrx_word' id='word_1_61' title='bbox 143 974 185 1030; x_wconf 90' lang='lat' dir='ltr'>ab</span> <span class='ocrx_word' id='word_1_62' title='bbox 199 973 314 1029; x_wconf 89' lang='lat' dir='ltr'>eisdem</span> <span class='ocrx_word' id='word_1_63' title='bbox 337 971 398 1027; x_wconf 90' lang='lat' dir='ltr'>illis</span> <span class='ocrx_word' id='word_1_64' title='bbox 412 970 494 1044; x_wconf 91' lang='lat' dir='ltr'>regis</span> <span class='ocrx_word' id='word_1_65' title='bbox 515 969 684 1026; x_wconf 83' lang='lat' dir='ltr'>fautoribus</span> <span class='ocrx_word' id='word_1_66' title='bbox 699 985 818 1026; x_wconf 87' lang='lat' dir='ltr'>summa</span> <span class='ocrx_word' id='word_1_67' title='bbox 833 987 888 1045; x_wconf 92' lang='lat' dir='ltr'>ope</span> <span class='ocrx_word' id='word_1_68' title='bbox 903 969 1022 1027; x_wconf 91' lang='lat' dir='ltr'>enisum</span> 
     </span>
     <span class='ocr_line' id='line_1_11' title="bbox 142 1048 1075 1124; baseline 0.001 -15"><span class='ocrx_word' id='word_1_69' title='bbox 142 1058 202 1124; x_wconf 88' lang='lat' dir='ltr'>est,</span> <span class='ocrx_word' id='word_1_70' title='bbox 220 1071 256 1109; x_wconf 89' lang='lat' dir='ltr'>ne</span> <span class='ocrx_word' id='word_1_71' title='bbox 278 1051 338 1108; x_wconf 88' lang='lat' dir='ltr'>tale</span> <span class='ocrx_word' id='word_1_72' title='bbox 354 1051 507 1108; x_wconf 89' lang='lat' dir='ltr'>decretum</span> <span class='ocrx_word' id='word_1_73' title='bbox 523 1048 615 1106; x_wconf 88' lang='lat' dir='ltr'>fieret.</span> <span class='ocrx_word' id='word_1_74' title='bbox 658 1049 709 1105; x_wconf 90' lang='lat' dir='ltr'>Ita</span> <span class='ocrx_word' id='word_1_75' title='bbox 723 1049 835 1105; x_wconf 92' lang='lat' dir='ltr'>bonum</span> <span class='ocrx_word' id='word_1_76' title='bbox 858 1050 1020 1124; x_wconf 87' lang='lat' dir='ltr'>publicum,</span> <span class='ocrx_word' id='word_1_77' title='bbox 1038 1054 1075 1110; x_wconf 89' lang='grc'>10</span> 
     </span>
     <span class='ocr_line' id='line_1_12' title="bbox 142 1129 1023 1207; baseline -0.006 -16"><span class='ocrx_word' id='word_1_78' title='bbox 142 1140 181 1191; x_wconf 89' lang='lat' dir='ltr'>ut</span> <span class='ocrx_word' id='word_1_79' title='bbox 201 1133 234 1189; x_wconf 93' lang='lat' dir='ltr'>in</span> <span class='ocrx_word' id='word_1_80' title='bbox 253 1132 405 1207; x_wconf 91' lang='lat' dir='ltr'>plerisque</span> <span class='ocrx_word' id='word_1_81' title='bbox 427 1129 559 1204; x_wconf 88' lang='lat' dir='ltr'>negotiis</span> <span class='ocrx_word' id='word_1_82' title='bbox 575 1129 661 1198; x_wconf 90' lang='lat' dir='ltr'>solet,</span> <span class='ocrx_word' id='word_1_83' title='bbox 677 1129 798 1202; x_wconf 84' lang='lat' dir='ltr'>privata</span> <span class='ocrx_word' id='word_1_84' title='bbox 812 1129 912 1204; x_wconf 89' lang='lat' dir='ltr'>gratia</span> <span class='ocrx_word' id='word_1_85' title='bbox 926 1131 1023 1187; x_wconf 88' lang='lat' dir='ltr'>devic-</span> 
     </span>
     <span class='ocr_line' id='line_1_13' title="bbox 142 1208 1104 1285; baseline -0.004 -14"><span class='ocrx_word' id='word_1_86' title='bbox 142 1220 220 1272; x_wconf 90' lang='lat' dir='ltr'>tum.</span> <span class='ocrx_word' id='word_1_87' title='bbox 265 1212 424 1285; x_wconf 80' lang='lat' dir='ltr'>Leguntur</span> <span class='ocrx_word' id='word_1_88' title='bbox 451 1217 554 1267; x_wconf 91' lang='lat' dir='ltr'>tamen</span> <span class='ocrx_word' id='word_1_89' title='bbox 581 1208 615 1265; x_wconf 92' lang='lat' dir='ltr'>in</span> <span class='ocrx_word' id='word_1_90' title='bbox 637 1209 774 1266; x_wconf 88' lang='lat' dir='ltr'>Africam</span> <span class='ocrx_word' id='word_1_91' title='bbox 798 1212 927 1284; x_wconf 91' lang='lat' dir='ltr'>majores</span> <span class='ocrx_word' id='word_1_92' title='bbox 949 1218 1023 1268; x_wconf 90' lang='lat' dir='ltr'>natu</span> <span class='ocrx_word' id='word_1_93' title='bbox 1099 1245 1104 1254; x_wconf 92' lang='lat'>·</span> 
     </span>
     <span class='ocr_line' id='line_1_14' title="bbox 141 1289 1023 1366; baseline -0.006 -15"><span class='ocrx_word' id='word_1_94' title='bbox 141 1293 271 1362; x_wconf 72' lang='lat' dir='ltr'>nobiles</span> <span class='ocrx_word' id='word_1_95' title='bbox 288 1291 397 1366; x_wconf 90' lang='lat' dir='ltr'>amplis</span> <span class='ocrx_word' id='word_1_96' title='bbox 412 1290 577 1347; x_wconf 87' lang='lat' dir='ltr'>honoribus</span> <span class='ocrx_word' id='word_1_97' title='bbox 591 1290 656 1364; x_wconf 87' lang='lat' dir='ltr'>usi;</span> <span class='ocrx_word' id='word_1_98' title='bbox 679 1289 710 1345; x_wconf 92' lang='lat' dir='ltr'>in</span> <span class='ocrx_word' id='word_1_99' title='bbox 725 1290 794 1365; x_wconf 89' lang='lat' dir='ltr'>quis</span> <span class='ocrx_word' id='word_1_100' title='bbox 808 1291 864 1347; x_wconf 88' lang='lat' dir='ltr'>fuit</span> <span class='ocrx_word' id='word_1_101' title='bbox 880 1291 921 1348; x_wconf 93' lang='lat' dir='ltr'>M.</span> <span class='ocrx_word' id='word_1_102' title='bbox 934 1291 1023 1348; x_wconf 85' lang='lat' dir='ltr'>Scau-</span> 
     </span>
     <span class='ocr_line' id='line_1_15' title="bbox 143 1371 1023 1448; baseline -0.005 -16"><span class='ocrx_word' id='word_1_103' title='bbox 143 1392 208 1443; x_wconf 90' lang='lat' dir='ltr'>rus,</span> <span class='ocrx_word' id='word_1_104' title='bbox 223 1375 260 1432; x_wconf 90' lang='lat' dir='ltr'>de</span> <span class='ocrx_word' id='word_1_105' title='bbox 276 1391 336 1448; x_wconf 92' lang='lat' dir='ltr'>quo</span> <span class='ocrx_word' id='word_1_106' title='bbox 358 1388 450 1446; x_wconf 87' lang='lat' dir='ltr'>supra</span> <span class='ocrx_word' id='word_1_107' title='bbox 464 1371 712 1439; x_wconf 73' lang='lat' dir='ltr'>memoravimus</span> <span class='ocrx_word' id='word_1_108' title='bbox 728 1371 897 1427; x_wconf 86' lang='lat' dir='ltr'>consularis</span> <span class='ocrx_word' id='word_1_109' title='bbox 912 1378 942 1428; x_wconf 89' lang='lat' dir='ltr'>et</span> <span class='ocrx_word' id='word_1_110' title='bbox 957 1379 1023 1428; x_wconf 89' lang='lat' dir='ltr'>tum</span> 
     </span>
     <span class='ocr_line' id='line_1_16' title="bbox 143 1450 1075 1529; baseline -0.002 -16"><span class='ocrx_word' id='word_1_111' title='bbox 143 1462 271 1513; x_wconf 87' lang='lat' dir='ltr'>senatus</span> <span class='ocrx_word' id='word_1_112' title='bbox 298 1453 446 1529; x_wconf 88' lang='lat' dir='ltr'>princeps.</span> <span class='ocrx_word' id='word_1_113' title='bbox 491 1451 543 1520; x_wconf 93' lang='lat' dir='ltr'>Hi,</span> <span class='ocrx_word' id='word_1_114' title='bbox 566 1450 647 1524; x_wconf 87' lang='lat' dir='ltr'>quod</span> <span class='ocrx_word' id='word_1_115' title='bbox 672 1467 721 1507; x_wconf 87' lang='lat' dir='ltr'>res</span> <span class='ocrx_word' id='word_1_116' title='bbox 750 1450 782 1507; x_wconf 92' lang='lat' dir='ltr'>in</span> <span class='ocrx_word' id='word_1_117' title='bbox 810 1450 927 1508; x_wconf 90' lang='lat' dir='ltr'>invidia</span> <span class='ocrx_word' id='word_1_118' title='bbox 948 1458 1021 1522; x_wconf 89' lang='lat' dir='ltr'>erat,</span> <span class='ocrx_word' id='word_1_119' title='bbox 1039 1456 1075 1514; x_wconf 84' lang='lat'>15</span> 
     </span>
     <span class='ocr_line' id='line_1_17' title="bbox 144 1530 1024 1600; baseline -0.006 -7"><span class='ocrx_word' id='word_1_120' title='bbox 144 1535 238 1593; x_wconf 90' lang='lat' dir='ltr'>simul</span> <span class='ocrx_word' id='word_1_121' title='bbox 252 1540 283 1592; x_wconf 86' lang='lat' dir='ltr'>et</span> <span class='ocrx_word' id='word_1_122' title='bbox 298 1535 336 1590; x_wconf 88' lang='lat' dir='ltr'>ab</span> <span class='ocrx_word' id='word_1_123' title='bbox 353 1530 496 1589; x_wconf 91' lang='lat' dir='ltr'>Numidis</span> <span class='ocrx_word' id='word_1_124' title='bbox 514 1531 672 1600; x_wconf 87' lang='lat' dir='ltr'>obsecrati,</span> <span class='ocrx_word' id='word_1_125' title='bbox 688 1531 790 1587; x_wconf 89' lang='lat' dir='ltr'>triduo</span> <span class='ocrx_word' id='word_1_126' title='bbox 805 1531 907 1588; x_wconf 81' lang='lat' dir='ltr'>navim</span> <span class='ocrx_word' id='word_1_127' title='bbox 923 1549 1024 1589; x_wconf 88' lang='lat' dir='ltr'>aseen-</span> 
     </span>
     <span class='ocr_line' id='line_1_18' title="bbox 144 1610 1024 1687; baseline -0.003 -16"><span class='ocrx_word' id='word_1_128' title='bbox 144 1615 236 1687; x_wconf 82' lang='lat' dir='ltr'>dere3</span> <span class='ocrx_word' id='word_1_129' title='bbox 258 1614 328 1671; x_wconf 87' lang='lat' dir='ltr'>dein</span> <span class='ocrx_word' id='word_1_130' title='bbox 344 1612 428 1669; x_wconf 87' lang='lat' dir='ltr'>brevi</span> <span class='ocrx_word' id='word_1_131' title='bbox 445 1611 569 1669; x_wconf 90' lang='lat' dir='ltr'>Uticam</span> <span class='ocrx_word' id='word_1_132' title='bbox 591 1610 710 1687; x_wconf 86' lang='lat' dir='ltr'>appulsi</span> <span class='ocrx_word' id='word_1_133' title='bbox 726 1611 844 1668; x_wconf 82' lang='lat' dir='ltr'>litteras</span> <span class='ocrx_word' id='word_1_134' title='bbox 859 1613 896 1669; x_wconf 88' lang='lat' dir='ltr'>ad</span> <span class='ocrx_word' id='word_1_135' title='bbox 911 1612 932 1669; x_wconf 85' lang='lat' dir='ltr'>J</span> <span class='ocrx_word' id='word_1_136' title='bbox 935 1631 1024 1687; x_wconf 90' lang='lat' dir='ltr'>ugur-</span> 
     </span>
     <span class='ocr_line' id='line_1_19' title="bbox 144 1691 1024 1766; baseline -0.003 -15"><span class='ocrx_word' id='word_1_137' title='bbox 144 1693 234 1751; x_wconf 84' lang='lat' dir='ltr'>tham</span> <span class='ocrx_word' id='word_1_138' title='bbox 256 1694 392 1760; x_wconf 89' lang='lat' dir='ltr'>mittunt,</span> <span class='ocrx_word' id='word_1_139' title='bbox 416 1709 507 1766; x_wconf 90' lang='lat' dir='ltr'>quam</span> <span class='ocrx_word' id='word_1_140' title='bbox 527 1692 678 1749; x_wconf 84' lang='lat' dir='ltr'>ocissume</span> <span class='ocrx_word' id='word_1_141' title='bbox 702 1691 740 1747; x_wconf 91' lang='lat' dir='ltr'>ad</span> <span class='ocrx_word' id='word_1_142' title='bbox 762 1692 949 1765; x_wconf 89' lang='lat' dir='ltr'>provinciam</span> <span class='ocrx_word' id='word_1_143' title='bbox 979 1710 1024 1749; x_wconf 90' lang='lat' dir='ltr'>ae-</span> 
     </span>
     <span class='ocr_line' id='line_1_20' title="bbox 143 1771 1021 1847; baseline -0.002 -15"><span class='ocrx_word' id='word_1_144' title='bbox 143 1774 242 1843; x_wconf 89' lang='lat' dir='ltr'>cedat,</span> <span class='ocrx_word' id='word_1_145' title='bbox 266 1790 358 1847; x_wconf 88' lang='lat' dir='ltr'>seque</span> <span class='ocrx_word' id='word_1_146' title='bbox 380 1771 418 1828; x_wconf 89' lang='lat' dir='ltr'>ad</span> <span class='ocrx_word' id='word_1_147' title='bbox 440 1789 510 1828; x_wconf 86' lang='lat' dir='ltr'>eum</span> <span class='ocrx_word' id='word_1_148' title='bbox 533 1771 570 1828; x_wconf 91' lang='lat' dir='ltr'>ab</span> <span class='ocrx_word' id='word_1_149' title='bbox 599 1776 708 1828; x_wconf 86' lang='lat' dir='ltr'>senatu</span> <span class='ocrx_word' id='word_1_150' title='bbox 722 1771 841 1828; x_wconf 86' lang='lat' dir='ltr'>missos.</span> <span class='ocrx_word' id='word_1_151' title='bbox 885 1772 939 1830; x_wconf 89' lang='lat' dir='ltr'>Ille</span> <span class='ocrx_word' id='word_1_152' title='bbox 969 1773 1021 1830; x_wconf 91' lang='lat' dir='ltr'>ubi</span> 
     </span>
     <span class='ocr_line' id='line_1_21' title="bbox 144 1851 1075 1931; baseline 0.003 -19"><span class='ocrx_word' id='word_1_153' title='bbox 144 1854 263 1931; x_wconf 85' lang='lat' dir='ltr'>accepit</span> <span class='ocrx_word' id='word_1_154' title='bbox 272 1852 411 1910; x_wconf 87' lang='lat' dir='ltr'>homines</span> <span class='ocrx_word' id='word_1_155' title='bbox 420 1852 524 1921; x_wconf 88' lang='lat' dir='ltr'>claros,</span> <span class='ocrx_word' id='word_1_156' title='bbox 535 1868 664 1926; x_wconf 90' lang='lat' dir='ltr'>quorum</span> <span class='ocrx_word' id='word_1_157' title='bbox 676 1851 888 1909; x_wconf 89' lang='lat' dir='ltr'>auctoritatem</span> <span class='ocrx_word' id='word_1_158' title='bbox 906 1853 1022 1911; x_wconf 87' lang='lat' dir='ltr'>Rornae</span> <span class='ocrx_word' id='word_1_159' title='bbox 1038 1857 1075 1914; x_wconf 76' lang='grc'>20</span> 
     </span>
     <span class='ocr_line' id='line_1_22' title="bbox 143 1931 1021 2010; baseline -0.002 -18"><span class='ocrx_word' id='word_1_160' title='bbox 143 1935 258 2010; x_wconf 89' lang='lat' dir='ltr'>pollere</span> <span class='ocrx_word' id='word_1_161' title='bbox 281 1933 447 2003; x_wconf 88' lang='lat' dir='ltr'>audiverat,</span> <span class='ocrx_word' id='word_1_162' title='bbox 470 1938 574 1989; x_wconf 88' lang='lat' dir='ltr'>eontra</span> <span class='ocrx_word' id='word_1_163' title='bbox 598 1931 753 2006; x_wconf 87' lang='lat' dir='ltr'>inceptum</span> <span class='ocrx_word' id='word_1_164' title='bbox 782 1949 869 1990; x_wconf 91' lang='lat' dir='ltr'>snum</span> <span class='ocrx_word' id='word_1_165' title='bbox 892 1934 1021 2002; x_wconf 87' lang='lat' dir='ltr'>venisse,</span> 
     </span>
     <span class='ocr_line' id='line_1_23' title="bbox 143 2012 1024 2092; baseline -0.003 -20"><span class='ocrx_word' id='word_1_166' title='bbox 143 2016 245 2092; x_wconf 89' lang='lat' dir='ltr'>primo</span> <span class='ocrx_word' id='word_1_167' title='bbox 260 2018 437 2084; x_wconf 86' lang='lat' dir='ltr'>commotus,</span> <span class='ocrx_word' id='word_1_168' title='bbox 450 2017 534 2070; x_wconf 91' lang='lat' dir='ltr'>metu</span> <span class='ocrx_word' id='word_1_169' title='bbox 548 2017 640 2087; x_wconf 89' lang='lat' dir='ltr'>atque</span> <span class='ocrx_word' id='word_1_170' title='bbox 655 2012 789 2070; x_wconf 89' lang='lat' dir='ltr'>lubidine</span> <span class='ocrx_word' id='word_1_171' title='bbox 805 2012 946 2070; x_wconf 87' lang='lat' dir='ltr'>divorsus</span> <span class='ocrx_word' id='word_1_172' title='bbox 961 2014 1024 2087; x_wconf 90' lang='lat' dir='ltr'>agi-</span> 
     </span>
     <span class='ocr_line' id='line_1_24' title="bbox 142 2093 1021 2169; baseline -0.002 -16"><span class='ocrx_word' id='word_1_173' title='bbox 142 2098 276 2153; x_wconf 85' lang='lat' dir='ltr'>tabntur.</span> <span class='ocrx_word' id='word_1_174' title='bbox 313 2093 537 2151; x_wconf 78' lang='lat' dir='ltr'>Timebatiram</span> <span class='ocrx_word' id='word_1_175' title='bbox 547 2098 681 2162; x_wconf 90' lang='lat' dir='ltr'>senatus,</span> <span class='ocrx_word' id='word_1_176' title='bbox 692 2093 723 2148; x_wconf 89' lang='lat' dir='ltr'>ni</span> <span class='ocrx_word' id='word_1_177' title='bbox 733 2093 885 2169; x_wconf 85' lang='lat' dir='ltr'>paruisset</span> <span class='ocrx_word' id='word_1_178' title='bbox 894 2094 1021 2168; x_wconf 90' lang='lat' dir='ltr'>legatis:</span> 
     </span>
     <span class='ocr_line' id='line_1_25' title="bbox 142 2173 1022 2252; baseline -0.005 -18"><span class='ocrx_word' id='word_1_179' title='bbox 142 2195 236 2252; x_wconf 89' lang='lat' dir='ltr'>porro</span> <span class='ocrx_word' id='word_1_180' title='bbox 258 2175 377 2232; x_wconf 87' lang='lat' dir='ltr'>animus</span> <span class='ocrx_word' id='word_1_181' title='bbox 392 2173 532 2250; x_wconf 89' lang='lat' dir='ltr'>cupidine</span> <span class='ocrx_word' id='word_1_182' title='bbox 554 2191 662 2230; x_wconf 87' lang='lat' dir='ltr'>caecus</span> <span class='ocrx_word' id='word_1_183' title='bbox 684 2173 722 2230; x_wconf 91' lang='lat' dir='ltr'>ad</span> <span class='ocrx_word' id='word_1_184' title='bbox 745 2173 899 2250; x_wconf 90' lang='lat' dir='ltr'>inceptum</span> <span class='ocrx_word' id='word_1_185' title='bbox 923 2175 1022 2231; x_wconf 87' lang='lat' dir='ltr'>scelus</span> 
     </span>
     <span class='ocr_line' id='line_1_26' title="bbox 143 2253 1074 2332; baseline 0 -19"><span class='ocrx_word' id='word_1_186' title='bbox 143 2257 331 2332; x_wconf 86' lang='lat' dir='ltr'>rapiebatur.</span> <span class='ocrx_word' id='word_1_187' title='bbox 376 2253 460 2311; x_wconf 85' lang='lat' dir='ltr'>Vicit</span> <span class='ocrx_word' id='word_1_188' title='bbox 481 2258 583 2310; x_wconf 89' lang='lat' dir='ltr'>tamen</span> <span class='ocrx_word' id='word_1_189' title='bbox 605 2254 636 2309; x_wconf 90' lang='lat' dir='ltr'>in</span> <span class='ocrx_word' id='word_1_190' title='bbox 654 2253 743 2311; x_wconf 90' lang='lat' dir='ltr'>avido</span> <span class='ocrx_word' id='word_1_191' title='bbox 758 2253 880 2328; x_wconf 90' lang='lat' dir='ltr'>ingenio</span> <span class='ocrx_word' id='word_1_192' title='bbox 894 2271 1022 2330; x_wconf 90' lang='lat' dir='ltr'>pravum</span> <span class='ocrx_word' id='word_1_193' title='bbox 1038 2256 1074 2314; x_wconf 72' lang='lat'>25</span> 
     </span>
     <span class='ocr_line' id='line_1_27' title="bbox 134 2334 1021 2409; baseline -0.005 -15"><span class='ocrx_word' id='word_1_194' title='bbox 134 2337 316 2394; x_wconf 80' lang='lat' dir='ltr'>consilinm.</span> <span class='ocrx_word' id='word_1_195' title='bbox 360 2334 461 2409; x_wconf 85' lang='lat' dir='ltr'>Igitur</span> <span class='ocrx_word' id='word_1_196' title='bbox 482 2334 616 2406; x_wconf 85' lang='lat' dir='ltr'>exercitu</span> <span class='ocrx_word' id='word_1_197' title='bbox 638 2334 824 2392; x_wconf 87' lang='lat' dir='ltr'>circumdato</span> <span class='ocrx_word' id='word_1_198' title='bbox 846 2352 967 2392; x_wconf 89' lang='lat' dir='ltr'>summa</span> <span class='ocrx_word' id='word_1_199' title='bbox 989 2335 1021 2392; x_wconf 89' lang='lat' dir='ltr'>vi</span> 
     </span>
     <span class='ocr_line' id='line_1_28' title="bbox 145 2414 1022 2490; baseline -0.002 -16"><span class='ocrx_word' id='word_1_200' title='bbox 145 2417 265 2474; x_wconf 83' lang='lat' dir='ltr'>Cirtam</span> <span class='ocrx_word' id='word_1_201' title='bbox 280 2416 446 2490; x_wconf 90' lang='lat' dir='ltr'>irrumpere</span> <span class='ocrx_word' id='word_1_202' title='bbox 461 2414 577 2483; x_wconf 88' lang='lat' dir='ltr'>nititur,</span> <span class='ocrx_word' id='word_1_203' title='bbox 594 2432 734 2470; x_wconf 85' lang='lat' dir='ltr'>maxume</span> <span class='ocrx_word' id='word_1_204' title='bbox 751 2432 886 2489; x_wconf 79' lang='lat' dir='ltr'>sparena,</span> <span class='ocrx_word' id='word_1_205' title='bbox 898 2416 1022 2472; x_wconf 91' lang='lat' dir='ltr'>diducta</span> 
     </span>
     <span class='ocr_line' id='line_1_29' title="bbox 143 2494 1020 2553; baseline -0.001 0"><span class='ocrx_word' id='word_1_206' title='bbox 143 2515 239 2553; x_wconf 87' lang='lat' dir='ltr'>manu</span> <span class='ocrx_word' id='word_1_207' title='bbox 255 2495 386 2552; x_wconf 90' lang='lat' dir='ltr'>hostium</span> <span class='ocrx_word' id='word_1_208' title='bbox 404 2495 497 2552; x_wconf 90' lang='lat' dir='ltr'>autvi</span> <span class='ocrx_word' id='word_1_209' title='bbox 514 2501 568 2552; x_wconf 88' lang='lat' dir='ltr'>ant</span> <span class='ocrx_word' id='word_1_210' title='bbox 587 2494 664 2551; x_wconf 92' lang='lat' dir='ltr'>dolis</span> <span class='ocrx_word' id='word_1_211' title='bbox 683 2511 864 2552; x_wconf 88' lang='lat' dir='ltr'>sesecasum</span> <span class='ocrx_word' id='word_1_212' title='bbox 874 2496 1020 2552; x_wconf 86' lang='lat' dir='ltr'>victoriae</span> 
     </span>
     <span class='ocr_line' id='line_1_30' title="bbox 143 2575 1111 2651; baseline 0.001 -19"><span class='ocrx_word' id='word_1_213' title='bbox 143 2577 348 2633; x_wconf 88' lang='lat' dir='ltr'>inventurum.</span> <span class='ocrx_word' id='word_1_214' title='bbox 393 2575 483 2648; x_wconf 76' lang='lat' dir='ltr'>Quod</span> <span class='ocrx_word' id='word_1_215' title='bbox 505 2576 556 2631; x_wconf 92' lang='lat' dir='ltr'>ubi</span> <span class='ocrx_word' id='word_1_216' title='bbox 577 2591 664 2631; x_wconf 85' lang='lat' dir='ltr'>secus</span> <span class='ocrx_word' id='word_1_217' title='bbox 678 2575 815 2649; x_wconf 91' lang='lat' dir='ltr'>procedit</span> <span class='ocrx_word' id='word_1_218' title='bbox 828 2595 924 2651; x_wconf 92' lang='lat' dir='ltr'>neque</span> <span class='ocrx_word' id='word_1_219' title='bbox 940 2576 1020 2650; x_wconf 91' lang='lat' dir='ltr'>quod</span> <span class='ocrx_word' id='word_1_220' title='bbox 1103 2607 1111 2622; x_wconf 75' lang='lat'>=</span> 
     </span>
     <span class='ocr_line' id='line_1_31' title="bbox 142 2655 1073 2732; baseline 0 -20"><span class='ocrx_word' id='word_1_221' title='bbox 142 2657 317 2714; x_wconf 88' lang='lat' dir='ltr'>intenderat</span> <span class='ocrx_word' id='word_1_222' title='bbox 330 2655 445 2712; x_wconf 89' lang='lat' dir='ltr'>efficere</span> <span class='ocrx_word' id='word_1_223' title='bbox 459 2660 570 2730; x_wconf 86' lang='lat' dir='ltr'>potest,</span> <span class='ocrx_word' id='word_1_224' title='bbox 582 2661 616 2712; x_wconf 89' lang='lat' dir='ltr'>ut</span> <span class='ocrx_word' id='word_1_225' title='bbox 629 2655 713 2730; x_wconf 87' lang='lat' dir='ltr'>prius</span> <span class='ocrx_word' id='word_1_226' title='bbox 722 2674 814 2731; x_wconf 83' lang='lat' dir='ltr'>quani</span> <span class='ocrx_word' id='word_1_227' title='bbox 826 2657 944 2732; x_wconf 88' lang='lat' dir='ltr'>legatos</span> <span class='ocrx_word' id='word_1_228' title='bbox 954 2675 1022 2712; x_wconf 92' lang='lat' dir='ltr'>con·</span> <span class='ocrx_word' id='word_1_229' title='bbox 1035 2657 1073 2713; x_wconf 87' lang='lat'>30</span> 
     </span>
     <span class='ocr_line' id='line_1_32' title="bbox 143 2735 1019 2811; baseline 0 -19"><span class='ocrx_word' id='word_1_230' title='bbox 143 2737 262 2794; x_wconf 86' lang='lat' dir='ltr'>veniret</span> <span class='ocrx_word' id='word_1_231' title='bbox 277 2735 463 2792; x_wconf 89' lang='lat' dir='ltr'>Adherbalis</span> <span class='ocrx_word' id='word_1_232' title='bbox 484 2736 643 2810; x_wconf 88' lang='lat' dir='ltr'>potiretur,</span> <span class='ocrx_word' id='word_1_233' title='bbox 660 2754 697 2793; x_wconf 92' lang='lat' dir='ltr'>ne</span> <span class='ocrx_word' id='word_1_234' title='bbox 719 2737 851 2811; x_wconf 87' lang='lat' dir='ltr'>amplius</span> <span class='ocrx_word' id='word_1_235' title='bbox 871 2738 1019 2793; x_wconf 90' lang='lat' dir='ltr'>morando</span> 
     </span>
     <span class='ocr_line' id='line_1_33' title="bbox 145 2814 1022 2891; baseline -0.002 -17"><span class='ocrx_word' id='word_1_236' title='bbox 145 2815 304 2886; x_wconf 87' lang='lat' dir='ltr'>Scaurum,</span> <span class='ocrx_word' id='word_1_237' title='bbox 333 2833 423 2891; x_wconf 76' lang='lat' dir='ltr'>quent</span> <span class='ocrx_word' id='word_1_238' title='bbox 449 2814 623 2891; x_wconf 91' lang='lat' dir='ltr'>plurumum</span> <span class='ocrx_word' id='word_1_239' title='bbox 653 2817 815 2888; x_wconf 88' lang='lat' dir='ltr'>metuebat,</span> <span class='ocrx_word' id='word_1_240' title='bbox 839 2816 1022 2886; x_wconf 87' lang='lat' dir='ltr'>incenderet,</span> 
     </span>
     <span class='ocr_line' id='line_1_34' title="bbox 142 2895 1020 2972; baseline -0.001 -19"><span class='ocrx_word' id='word_1_241' title='bbox 142 2914 212 2954; x_wconf 91' lang='lat' dir='ltr'>cum</span> <span class='ocrx_word' id='word_1_242' title='bbox 227 2896 333 2972; x_wconf 89' lang='lat' dir='ltr'>paucis</span> <span class='ocrx_word' id='word_1_243' title='bbox 351 2895 508 2971; x_wconf 90' lang='lat' dir='ltr'>equitibus</span> <span class='ocrx_word' id='word_1_244' title='bbox 522 2896 554 2953; x_wconf 92' lang='lat' dir='ltr'>in</span> <span class='ocrx_word' id='word_1_245' title='bbox 575 2895 762 2972; x_wconf 86' lang='lat' dir='ltr'>provinciam</span> <span class='ocrx_word' id='word_1_246' title='bbox 779 2896 871 2955; x_wconf 89' lang='lat' dir='ltr'>veuit.</span> <span class='ocrx_word' id='word_1_247' title='bbox 915 2898 962 2954; x_wconf 89' lang='lat' dir='ltr'>Ac</span> <span class='ocrx_word' id='word_1_248' title='bbox 976 2903 1020 2952; x_wconf 87' lang='lat' dir='ltr'>ta-</span> 
     </span>
     <span class='ocr_line' id='line_1_35' title="bbox 142 2976 1017 3050; baseline 0 -16"><span class='ocrx_word' id='word_1_249' title='bbox 142 2977 233 3035; x_wconf 89' lang='lat' dir='ltr'>metsi</span> <span class='ocrx_word' id='word_1_250' title='bbox 257 2981 382 3033; x_wconf 86' lang='lat' dir='ltr'>senatus</span> <span class='ocrx_word' id='word_1_251' title='bbox 403 2976 505 3033; x_wconf 87' lang='lat' dir='ltr'>verbis</span> <span class='ocrx_word' id='word_1_252' title='bbox 526 2993 638 3050; x_wconf 82' lang='lat' dir='ltr'>graves</span> <span class='ocrx_word' id='word_1_253' title='bbox 662 2977 763 3034; x_wconf 90' lang='lat' dir='ltr'>minae</span> <span class='ocrx_word' id='word_1_254' title='bbox 789 2977 1017 3047; x_wconf 90' lang='lat' dir='ltr'>nuntiabantur,</span> 
     </span>
     <span class='ocr_line' id='line_1_36' title="bbox 142 3057 1071 3132; baseline 0.002 -19"><span class='ocrx_word' id='word_1_255' title='bbox 142 3057 224 3132; x_wconf 93' lang='lat' dir='ltr'>quod</span> <span class='ocrx_word' id='word_1_256' title='bbox 239 3057 278 3114; x_wconf 89' lang='lat' dir='ltr'>ab</span> <span class='ocrx_word' id='word_1_257' title='bbox 293 3057 520 3131; x_wconf 86' lang='lat' dir='ltr'>oppugnatione</span> <span class='ocrx_word' id='word_1_258' title='bbox 535 3074 595 3112; x_wconf 92' lang='lat' dir='ltr'>non</span> <span class='ocrx_word' id='word_1_259' title='bbox 619 3057 788 3126; x_wconf 88' lang='lat' dir='ltr'>desisteret,</span> <span class='ocrx_word' id='word_1_260' title='bbox 804 3057 901 3114; x_wconf 90' lang='lat' dir='ltr'>multa</span> <span class='ocrx_word' id='word_1_261' title='bbox 914 3063 1018 3114; x_wconf 87' lang='lat' dir='ltr'>tamen</span> <span class='ocrx_word' id='word_1_262' title='bbox 1034 3059 1071 3115; x_wconf 89' lang='lat'>35</span> 
     </span>
     <span class='ocr_line' id='line_1_37' title="bbox 142 3136 901 3212; baseline 0 -18"><span class='ocrx_word' id='word_1_263' title='bbox 142 3139 279 3196; x_wconf 90' lang='lat' dir='ltr'>oratione</span> <span class='ocrx_word' id='word_1_264' title='bbox 294 3143 476 3212; x_wconf 89' lang='lat' dir='ltr'>consumpta</span> <span class='ocrx_word' id='word_1_265' title='bbox 489 3137 584 3210; x_wconf 85' lang='lat' dir='ltr'>legati</span> <span class='ocrx_word' id='word_1_266' title='bbox 600 3136 713 3193; x_wconf 85' lang='lat' dir='ltr'>frustra</span> <span class='ocrx_word' id='word_1_267' title='bbox 728 3138 901 3195; x_wconf 85' lang='lat' dir='ltr'>discessere.</span> 
     </span>
    </p>

    <p class='ocr_par' dir='ltr' id='par_1_4' title="bbox 140 3216 1019 3453">
     <span class='ocr_line' id='line_1_38' title="bbox 183 3216 1016 3291; baseline -0.005 -15"><span class='ocrx_word' id='word_1_268' title='bbox 183 3221 229 3276; x_wconf 78' lang='lat'>26.</span> <span class='ocrx_word' id='word_1_269' title='bbox 253 3217 301 3274; x_wconf 83' lang='lat' dir='ltr'>Ila</span> <span class='ocrx_word' id='word_1_270' title='bbox 329 3223 492 3291; x_wconf 88' lang='lat' dir='ltr'>postquam</span> <span class='ocrx_word' id='word_1_271' title='bbox 523 3216 626 3275; x_wconf 82' lang='lat' dir='ltr'>Cirtae</span> <span class='ocrx_word' id='word_1_272' title='bbox 656 3217 760 3274; x_wconf 88' lang='lat' dir='ltr'>audita</span> <span class='ocrx_word' id='word_1_273' title='bbox 797 3223 877 3286; x_wconf 87' lang='lat' dir='ltr'>sunt,</span> <span class='ocrx_word' id='word_1_274' title='bbox 904 3217 1016 3286; x_wconf 89' lang='lat' dir='ltr'>Italici,</span> 
     </span>
     <span class='ocr_line' id='line_1_39' title="bbox 142 3296 1019 3371; baseline -0.002 -18"><span class='ocrx_word' id='word_1_275' title='bbox 142 3314 272 3371; x_wconf 90' lang='lat' dir='ltr'>quorum</span> <span class='ocrx_word' id='word_1_276' title='bbox 287 3297 401 3354; x_wconf 85' lang='lat' dir='ltr'>virtute</span> <span class='ocrx_word' id='word_1_277' title='bbox 423 3296 542 3353; x_wconf 87' lang='lat' dir='ltr'>moenia</span> <span class='ocrx_word' id='word_1_278' title='bbox 556 3296 802 3367; x_wconf 87' lang='lat' dir='ltr'>defensabantur,</span> <span class='ocrx_word' id='word_1_279' title='bbox 819 3297 922 3355; x_wconf 88' lang='lat' dir='ltr'>confisi</span> <span class='ocrx_word' id='word_1_280' title='bbox 938 3297 1019 3354; x_wconf 89' lang='lat' dir='ltr'>dedi-</span> 
     </span>
     <span class='ocr_line' id='line_1_40' title="bbox 140 3374 1019 3453; baseline -0.005 -18"><span class='ocrx_word' id='word_1_281' title='bbox 140 3379 223 3436; x_wconf 86' lang='lat' dir='ltr'>tione</span> <span class='ocrx_word' id='word_1_282' title='bbox 245 3377 327 3435; x_wconf 90' lang='lat' dir='ltr'>facta</span> <span class='ocrx_word' id='word_1_283' title='bbox 347 3383 469 3453; x_wconf 89' lang='lat' dir='ltr'>propter</span> <span class='ocrx_word' id='word_1_284' title='bbox 491 3376 733 3450; x_wconf 84' lang='lat' dir='ltr'>magnitudinem</span> <span class='ocrx_word' id='word_1_285' title='bbox 757 3377 863 3452; x_wconf 90' lang='lat' dir='ltr'>populi</span> <span class='ocrx_word' id='word_1_286' title='bbox 886 3374 1019 3432; x_wconf 88' lang='lat' dir='ltr'>Romani</span> 
     </span>
    </p>
   </div>
   <div class='ocr_carea' id='block_1_3' title="bbox 0 0 1182 3718">
    <p class='ocr_par' dir='ltr' id='par_1_5' title="bbox 0 0 1182 3718">
     <span class='ocr_line' id='line_1_41' title="bbox 0 0 1182 3718; baseline 0 0"><span class='ocrx_word' id='word_1_287' title='bbox 0 0 1182 3718; x_wconf 95' lang='lat' dir='ltr'> </span> 
     </span>
    </p>
   </div>
  </div>
 </body>
</html>
