2322 3718
347 175 394 222 nr
419 173 540 222 ranno
565 172 826 221 Juouarrrmo.
1009 157 1051 224 87

116 339 236 411 petunt,
259 333 304 391 uti
325 333 426 391 fautor
445 334 659 407 consultorque
681 332 741 390 sibi
763 333 861 406 adsim
883 332 995 407 copiae,

117 416 218 485 fidem,
228 414 471 488 magnitudinem
483 415 565 488 regis
577 414 623 470 sui
634 419 666 470 et
681 414 748 483 alia,
759 432 836 488 quae
846 421 900 470 aut
909 413 997 470 utilia

118 503 172 552 aut
188 495 418 552 benevolentiae
432 512 499 550 esse
509 494 682 563 credebant,
692 494 827 550 oratione
836 493 996 551 extollunt.

117 575 197 632 llein
222 575 308 633 Sulla
328 575 429 631 omnia
451 574 593 648 pollicita,
612 575 703 642 docti,
722 592 781 648 quo
803 575 893 631 modo
916 575 996 649 apud

116 655 260 725 Marium,
276 656 350 712 item
366 655 447 729 apud
464 660 605 711 senatum
617 658 710 711 verba
726 655 866 726 lacerent,
878 655 997 713 circiter
1031 657 1048 712 5

116 736 183 792 dies
200 737 404 810 quadraginta
418 735 530 792 ibidem
545 735 751 811 opperiuntur.

159 819 224 874 104.
248 815 367 872 Marius
396 823 568 891 postquam,
598 814 708 872 infecto
735 833 796 890 quo
825 815 997 873 intenderat

116 897 250 970 negotio,
267 895 384 954 Cirtam
399 895 489 953 rediit
503 901 534 954 et
548 896 586 952 de
601 896 736 952 adventu
751 896 923 969 legatorum
937 914 997 953 cer·

115 978 178 1033 tior
202 977 301 1033 factus
321 982 377 1046 est,
394 976 522 1052 illosque
537 984 569 1033 et
591 975 707 1034 Sullam
729 977 768 1032 ab
785 976 878 1033 Utica
893 976 996 1033 venire

118 1058 216 1131 jubet,
233 1057 307 1114 item
323 1057 357 1114 L.
375 1057 546 1114 Bellienum
561 1063 740 1131 praetorem,
755 1069 913 1132 praeterea
936 1076 996 1114 om·
1012 1064 1048 1119 10

115 1156 171 1195 nes
191 1138 326 1212 undique
346 1139 491 1195 senatorii
508 1137 632 1207 ordinis,
649 1138 830 1212 quibuscum
851 1138 996 1194 mandata

115 1218 231 1275 Bocchi
255 1219 419 1292 cognoscit.
463 1217 591 1292 Legatis
606 1223 741 1294 potestas
757 1218 889 1274 Romam
903 1219 995 1274 eundi

115 1299 149 1356 fit
164 1300 203 1356 ab
219 1299 358 1372 consule;
381 1299 497 1356 interea
512 1299 649 1356 indutiae
663 1299 906 1374 postulabantur.
949 1298 996 1354 Ea

116 1380 220 1437 Sullae
235 1386 266 1436 et
280 1379 433 1455 plerisque
449 1380 603 1454 placuere3
625 1379 715 1454 pauci
740 1379 870 1436 ferocius
893 1379 993 1436 decer-

114 1467 202 1530 nunt,
219 1460 334 1517 scilicet
348 1460 447 1533 ignari
463 1477 561 1516 rerum
578 1459 788 1528 humanarum,
804 1477 883 1535 quae
898 1458 995 1516 fluxae
1012 1464 1048 1520 15

115 1547 146 1596 et
162 1540 290 1597 mobiles
306 1557 426 1613 semper
440 1541 471 1595 in
491 1540 622 1596 advorsa
642 1545 806 1597 mutantur.
852 1539 993 1596 ueterum

115 1620 229 1691 Mauri,
251 1621 422 1695 impetratis
451 1620 600 1690 omnibus
623 1625 686 1676 tres
709 1621 840 1678 Romam
868 1621 994 1695 profecti

115 1706 191 1760 ,sunt
205 1719 275 1757 cum
291 1700 346 1758 On.
366 1700 495 1757 Octavio
511 1701 647 1770 Rusone,
660 1699 710 1774 qui
726 1707 870 1775 quaestor
884 1701 996 1777 stipen-

115 1781 200 1836 dium
217 1781 247 1836 in
258 1780 394 1837 Africam
405 1787 582 1854 portaverat
594 1800 601 1854 3
623 1781 682 1837 duo
692 1781 731 1837 ad
741 1799 842 1856 regem
857 1781 993 1838 redeunt.

115 1859 165 1918 Ex
180 1861 224 1917 eis
238 1861 378 1918 Bocchus
390 1880 457 1918 cum
473 1869 581 1929 cetera,
595 1867 660 1917 tum
674 1880 815 1919 maxume
826 1862 995 1936 benignita
1010 1865 1047 1920 20

113 1947 177 1998 tem
193 1949 224 1998 et
243 1942 378 1998 studium
401 1941 503 1998 Sullae
524 1941 632 1998 lubens
648 1943 773 2017 accepit.
815 1941 933 1998 Romae
956 1941 995 1998 le-

115 2021 199 2095 gatis
221 2023 294 2096 ejus
310 2027 474 2097 postquam
497 2039 616 2078 errasse
640 2037 742 2096 regem
768 2027 799 2079 et
819 2021 993 2096 Jugurthae

115 2103 227 2158 scelere
248 2101 366 2178 lapsum
383 2103 536 2176 deprecati
559 2108 639 2172 suut,
656 2103 821 2160 amicitiam
842 2108 875 2160 et
888 2103 994 2160 foedus

115 2183 290 2257 petentibus
306 2181 362 2239 hec
384 2183 473 2240 modo
488 2183 704 2258 respondetur:
727 2181 884 2240 “Senatus
899 2191 930 2240 et
944 2201 994 2257 po-

113 2263 206 2338 pulus
216 2265 375 2321 Romanus
387 2263 511 2320 benefici
522 2269 553 2320 et
565 2263 691 2337 injuriae
701 2280 892 2320 memorasse
906 2264 992 2321 solet.
1009 2264 1046 2320 25

116 2344 261 2400 Ceterum
275 2343 404 2413 Boccho,
420 2343 566 2418 quoniam
582 2345 726 2420 poenitet,
742 2343 846 2400 delicti
861 2344 992 2418 gratiam

114 2423 203 2480 facit:
226 2425 332 2480 foedus
346 2430 378 2481 et
391 2424 527 2480 amicitia
540 2425 702 2493 dabuntur,
718 2441 787 2480 cum
803 2425 974 2481 meruerit.''

159 2506 222 2561 105.
246 2504 363 2578 Quibus
378 2505 467 2562 rebus
480 2505 610 2579 cognitis
625 2503 764 2562 Bocchus
779 2521 834 2579 per
844 2504 993 2561 litterasa

115 2583 216 2640 Mario
240 2585 397 2659 petiverat,
414 2585 458 2642 uti
485 2584 601 2642 Sullam
628 2585 666 2642 ad
689 2603 721 2642 se
744 2585 887 2654 mitteret,
908 2587 993 2659 cujus

115 2664 266 2721 arbitratu
282 2666 318 2722 de
333 2665 543 2722 communibus
559 2665 692 2740 negotiis
707 2666 922 2724 consuleretur.
961 2665 992 2722 Is
1008 2668 1045 2722 30

114 2746 229 2802 missus
248 2763 316 2802 cum
332 2746 483 2821 praesidio
500 2746 636 2822 equitum
652 2753 743 2822 atque
759 2747 903 2821 peditum,
919 2747 990 2803 item

115 2825 302 2882 funditorum
326 2826 516 2900 Balearium3
538 2833 695 2901 praeterea
714 2826 773 2883 iere
794 2827 946 2901 sagittarii
962 2833 993 2882 et

114 2906 224 2964 cohors
246 2907 373 2982 Peligna
393 2925 462 2964 cum
477 2906 657 2964 velitaribus
679 2908 779 2976 armis,
797 2909 913 2964 itineris
928 2924 992 2981 prov

115 2988 242 3062 perandi
270 3006 369 3056 causa,
393 3007 489 3062 neque
512 2987 559 3044 his
588 3005 675 3045 secus
697 2995 787 3063 atque
809 2988 877 3044 aliis
899 2987 992 3044 armis

115 3068 265 3124 advorsus
286 3069 346 3124 tela
368 3067 510 3134 hostium,
526 3068 607 3143 quod
625 3087 662 3125 ea
682 3069 762 3125 levia
782 3073 861 3136 sunt,
874 3067 990 3124 muniti.
1008 3069 1044 3124 35

116 3148 177 3206 Sed
194 3149 225 3204 in
240 3149 346 3205 itinere
361 3149 467 3223 quinto
482 3149 612 3224 denique
628 3149 676 3206 die
692 3149 801 3218 Volux,
817 3147 897 3204 filius
918 3147 992 3204 Boc·

115 3230 174 3301 chi,
190 3235 312 3304 repente
340 3229 370 3284 in
401 3230 517 3305 campis
538 3229 715 3304 patentibus
737 3246 804 3284 cum
827 3228 909 3286 mille
931 3247 992 3285 non

116 3310 248 3386 amplius
262 3309 417 3383 equitibus
433 3327 499 3366 sese
510 3309 653 3379 ostendit,
664 3309 715 3384 qui
730 3313 843 3365 temere
857 3316 889 3365 et
897 3308 990 3364 effuse

115 3397 224 3448 euntes
240 3389 341 3448 Sullae
357 3389 483 3464 aliisque
495 3389 635 3446 omnibus
649 3395 681 3446 et
696 3405 855 3445 numerum
869 3387 992 3463 amplio-
