2346 3718
87 193 129 256 52
366 207 395 255 o.
413 208 594 256 sunnusm
621 210 743 259 carsrr

139 365 253 422 bellum
282 384 399 440 gerere.
443 366 558 425 Tamen
582 387 619 426 ex
648 369 736 444 copia
757 371 838 444 quod
862 378 1025 446 optumum

138 447 301 503 videbatur
316 447 476 503 consilium
491 449 591 524 capit;
614 450 780 506 exercitum
796 451 974 528 plerumque
991 455 1025 509 in

139 528 252 584 eisdem
268 527 343 585 loeis
359 528 489 602 opperiri
506 530 612 603 jubet3
635 530 699 604 ipse
716 548 783 586 oum
800 531 926 588 delectis
941 534 1026 608 equi-

138 609 222 664 tibus
230 607 389 664 Metellum
398 609 534 683 sequitur
546 631 552 682 ;
568 611 764 668 nocturniset
774 612 1024 670 aviisitineribus

105 689 299 764 dignoratus
322 689 481 746 Romanos
503 691 645 764 palantes
676 697 798 766 repente
832 694 1020 767 aggreditur.

138 770 253 826 Eorum
278 769 415 844 plerique
441 769 572 827 inermes
596 771 719 840 cadunt,
736 771 823 828 multi
851 773 1022 848 capiuntur,

137 869 226 907 nemo
242 851 377 906 omnium
391 851 526 908 intactus
541 852 686 927 profugit,
706 859 737 908 et
753 852 914 922 Numidae,
933 855 1020 928 prius

137 949 228 1006 quarn
243 949 281 988 ex
302 931 412 987 castris
435 931 656 1002 subveniretur,
674 932 762 990 sicuti
781 933 862 1008 jussi
878 941 973 1005 erant,
990 936 1025 991 in

136 1029 300 1086 proxumos
316 1011 407 1068 colles
424 1012 593 1070 discedunt.

86 1095 122 1151 10
177 1095 223 1150 55.
248 1093 375 1149 Interim
395 1092 513 1150 Romae
536 1094 684 1169 gaudium
707 1093 817 1167 iugens
833 1100 932 1158 ortum
955 1113 1026 1170 cog-

137 1173 209 1229 nitis
239 1173 356 1230 Metelli
385 1173 484 1243 rebus,
502 1179 536 1230 ut
565 1192 657 1248 seque
680 1180 711 1230 et
739 1174 905 1230 exercitum
936 1193 1022 1232 more

136 1255 283 1328 majorum
307 1260 433 1328 gereret,
452 1260 485 1310 ut
507 1255 538 1310 in
562 1255 693 1311 advorso
716 1254 782 1310 loco
805 1255 903 1312 victor
918 1261 1025 1313 tamen

137 1334 251 1391 virtute
268 1335 384 1403 fuisset,
402 1334 538 1391 hostiurn
556 1353 629 1410 agro
645 1335 803 1408 potiretur,
820 1335 839 1390 ,J
844 1335 1022 1409 ugurthanr,

137 1415 330 1490 magnificum
358 1431 395 1472 ex
426 1415 532 1472 Albini
564 1416 712 1484 socordia,
736 1431 821 1488 spem
852 1415 960 1472 salutis
990 1417 1025 1474 in

85 1498 121 1556 15
139 1497 301 1554 solitudine
318 1502 372 1552 aut
388 1495 463 1569 fuga
479 1496 633 1569 coegisset
646 1496 766 1552 habere.
811 1495 921 1570 Itaque
937 1514 1025 1552 sena-

137 1582 188 1634 tus
210 1577 247 1633 ob
262 1595 298 1633 ea
320 1575 448 1632 feliciter
471 1583 539 1632 aeta
555 1577 603 1633 dis
625 1575 850 1632 immortalibus
873 1577 1024 1651 supplicia·

137 1658 305 1728 decernere,
323 1656 434 1714 civitas
451 1657 570 1731 trepida
586 1663 677 1713 antea
696 1661 727 1712 et
751 1655 882 1712 sollicita
897 1657 934 1713 de
950 1657 1023 1713 belli

137 1744 248 1796 eventu
264 1738 344 1794 laeta
360 1754 458 1811 agere,
478 1737 559 1793 fama
575 1737 612 1793 de
629 1736 755 1793 Metello
771 1737 929 1810 praeclara
943 1754 1019 1795 esse.

137 1818 278 1892 Igitureo
287 1818 434 1876 intentior
446 1817 484 1874 ad
495 1817 655 1875 victoriam
667 1817 723 1873 niti
737 1837 743 1889 ;
768 1817 909 1873 omnibus
922 1817 1023 1874 modis

85 1902 122 1958 20
137 1899 289 1968 festinare,
310 1916 418 1956 cavere
447 1903 560 1967 tamen,
584 1897 692 1954 necubi
722 1896 804 1954 hosti
831 1905 1023 1972 opportunus

67 2031 72 2036 ,
138 1978 237 2055 fieret,
269 1979 443 2035 meminisse
483 1991 553 2052 post
584 1978 713 2052 gloriam
744 1977 892 2034 invidiam
923 1978 1019 2052 sequi.

137 2058 187 2117 Ita
209 2077 269 2133 quo
292 2059 400 2116 clarior
421 2063 496 2127 erat,
518 2077 554 2115 eo
576 2059 677 2132 magis
700 2057 810 2114 anxius
832 2066 906 2127 erat,
923 2076 1022 2132 neque

136 2146 207 2215 post
218 2140 345 2196 insidias
357 2138 378 2195 J
381 2137 532 2212 ugurthae
543 2138 638 2196 effuso
651 2139 785 2196 exercitu
795 2139 933 2213 praedari
946 2159 952 2210 3
969 2138 1022 2194 ubi
1100 2183 1103 2188 .

139 2220 291 2278 frumento
307 2225 359 2278 aut
374 2220 487 2295 pabulo
508 2238 584 2294 opus
607 2225 681 2290 erat,
698 2218 839 2276 cobortes
855 2237 921 2275 curu
937 2220 1021 2275 omni

84 2303 121 2359 25
137 2302 276 2377 equitatu
305 2301 492 2376 praesidium
523 2300 699 2374 agitabant;
728 2300 879 2356 exereitus
900 2306 1020 2373 partem

137 2384 211 2458 ipse,
241 2383 373 2457 reliquos
403 2381 522 2438 Marius
552 2382 689 2438 ducebat.
736 2378 797 2436 Sed
827 2380 891 2452 igni
920 2379 1021 2453 magis

137 2482 229 2539 quam
244 2464 357 2539 praeda
373 2480 447 2535 ager
461 2462 649 2518 vastabatur.
695 2461 824 2517 Duobus
840 2460 914 2516 locis
936 2459 1020 2516 haud

136 2546 227 2619 longe
250 2545 328 2600 iuter
350 2561 382 2600 se
405 2547 504 2599 castra
527 2542 702 2613 faciebant3
724 2541 777 2596 ubi
794 2541 823 2596 vi
846 2557 922 2614 opus
944 2545 1019 2609 erat,

137 2625 237 2682 cuncti
268 2626 413 2698 aderant;
435 2628 569 2679 ceterum
593 2641 652 2698 quo
675 2622 749 2694 fuga
775 2628 866 2694 atque
889 2620 1019 2677 formido

84 2709 122 2764 30
139 2707 232 2763 latius
248 2711 405 2774 cresceret,
423 2704 538 2761 divorsi
561 2703 701 2777 agebant.
747 2701 793 2757 Eo
815 2711 950 2774 tempore
965 2700 1022 2758 Ju-

138 2787 250 2862 gurtha
272 2805 324 2862 per
338 2784 430 2844 colles
453 2784 546 2859 sequi,
564 2790 685 2857 tenipus
702 2788 755 2838 aut
777 2781 875 2837 locum
897 2798 1020 2854 pugnae

137 2887 299 2944 quaerere,
321 2886 381 2944 qua
396 2871 557 2922 venturum
574 2864 694 2920 hostem
710 2861 855 2929 audierat,
872 2861 1020 2935 pabulum

137 2956 169 3008 et
191 2968 337 3025 aquarum
360 2949 470 3015 fonteS,
488 2962 615 3020 quorum
642 2943 769 3019 penuria
791 2950 864 3010 erat,
887 2959 1020 2998 eorrum-

135 3050 224 3107 pere;
247 3030 337 3087 modo
354 3047 385 3085 se
402 3026 537 3095 Metello,
554 3025 708 3081 interdurn
724 3022 824 3078 Mario
840 3022 1020 3095 ostendere;

85 3115 122 3170 35
138 3118 308 3186 postremos
331 3111 361 3166 in
385 3108 507 3183 agmine
528 3111 678 3180 temptare
694 3121 729 3159 ae
745 3102 850 3160 statim
873 3103 903 3157 in
926 3102 1020 3159 colles

138 3192 277 3264 regredi3
307 3208 412 3248 rursus
443 3187 519 3256 aliis,
542 3191 613 3260 post
635 3185 705 3241 aliis
735 3183 890 3253 minitari;
920 3201 1019 3256 neque

139 3272 287 3347 proelium
303 3271 400 3327 facere
416 3286 513 3343 neque
529 3267 624 3323 otium
639 3265 711 3341 pati,
723 3263 935 3320 tantummodo
952 3262 1022 3321 hos·

139 3359 201 3409 tem
218 3352 255 3407 ab
270 3352 390 3425 incepto
406 3349 542 3404 retinere.

181 3435 225 3488 56.
251 3431 410 3486 Romanus
420 3429 593 3503 imperator,
605 3426 655 3482 ubi
666 3443 698 3482 se
710 3425 788 3482 dolis
800 3423 922 3498 fatigari
934 3424 1021 3482 videt
