2346 3718
108 151 151 217 66
384 166 414 214 o.
430 165 613 213 snnnusnr
638 163 760 212 eumer

162 344 198 382 eo
213 325 352 383 cohortes
377 325 527 399 Ligurum
549 329 693 400 quattuor
715 329 746 380 et
762 322 795 382 C.
812 323 935 382 Annius
956 343 1044 400 prae·

162 407 267 463 fectus

204 487 249 546 78.
273 485 310 542 Id
326 485 470 560 oppidum
494 485 532 540 ab
556 482 689 541 Sidoniis
712 482 866 540 conditum
891 491 947 555 est,
963 503 1043 560 quos

163 567 333 641 accepimus
349 565 495 640 profugos
510 565 548 622 ob
562 564 729 621 discordias
744 564 850 621 civiles
865 566 995 622 navibus
1009 566 1043 622 in

130 649 147 704 5
162 664 215 704 eos
229 647 311 704 loeos
328 645 465 718 venisse3
480 651 614 702 ceterum
629 644 721 702 situm
736 644 816 701 inter
829 645 907 702 duas
923 644 1041 720 Syrtes,

164 727 275 803 quibus
290 742 400 782 nomen
415 741 498 781 exre
512 725 651 782 inditum.
695 723 776 781 Nam
792 725 852 782 duo
868 731 940 782 sunt
955 726 1043 782 sinus

165 824 257 882 prope
272 806 303 862 in
318 805 577 874 extremaAfriea,
593 805 724 880 impares
739 805 960 880 magnitudine,
976 806 1044 880 pari

164 894 275 944 natura
285 905 292 958 ;
315 903 442 960 quorum
456 901 604 958 proxuma
626 891 725 942 terrae
747 885 884 960 praealta
902 891 983 957 sunt,
999 903 1045 942 ee

164 973 237 1036 tera,
254 965 298 1022 uti
322 965 384 1022 fors
406 964 486 1035 tulit,
503 966 566 1022 alta
586 965 654 1033 alia,
672 962 778 1022 alia'in
793 971 975 1042 tempestate
990 983 1043 1022 va-

115 1049 149 1106 10
167 1047 248 1104 dosa.
278 1045 358 1102 Nam
374 1046 425 1102 ubi
440 1063 523 1103 mare
536 1063 681 1120 magnum
693 1052 801 1106 esseet
813 1047 929 1104 saevire
943 1047 1044 1103 ventis

166 1127 274 1200 eoepit,
291 1126 397 1182 limum
421 1144 603 1202 arenamque
626 1132 657 1183 et
680 1144 755 1183 saxa
775 1127 913 1202 ingentia
934 1125 1045 1184 fluetus

164 1207 310 1279 trahunt;
329 1207 373 1262 ita
387 1206 478 1262 facies
494 1207 628 1264 locorum
643 1225 711 1263 eum
727 1207 827 1264 ventis
843 1207 934 1264 simul
949 1213 1046 1263 muta

165 1294 223 1347 tur.
264 1285 371 1362 Syrtes
397 1287 435 1342 ah
458 1295 558 1344 tractu
582 1288 763 1344 nominatae.
810 1285 886 1362 Ejus
909 1288 1046 1345 civitatis

165 1367 272 1442 lingua
287 1367 377 1424 modo
392 1384 539 1424 convorsa
553 1368 703 1424 connuhio
718 1366 930 1438 Numidarum,
943 1369 1046 1442 legum

114 1453 150 1510 15
166 1449 324 1522 cultusque
339 1447 482 1522 pleraque
496 1446 654 1520 Sidonioa;
670 1466 747 1522 quae
757 1465 793 1504 eo
805 1448 924 1506 facilius
935 1450 1045 1506 retine-

165 1529 248 1598 bant,
257 1528 342 1606 -quod
357 1527 460 1601 procul
476 1528 514 1584 ab
528 1527 653 1601 imperio
664 1528 746 1601 regis
759 1534 889 1585 aetatem
903 1531 1043 1603 agebant.

167 1609 252 1666 Inter
265 1608 333 1665 illos
354 1614 385 1664 et
400 1607 587 1683 frequentem
603 1607 782 1664 Numidiam
801 1608 890 1666 multi
905 1610 1045 1686 vastique

167 1689 224 1746 loci
239 1693 332 1745 erant.
493 1741 494 1744 ,

211 1769 256 1828 79.
280 1766 340 1826 Sed
357 1767 501 1843 quoniam
515 1767 547 1824 in
561 1785 613 1824 eas
634 1769 775 1842 regiones
795 1786 849 1844 per
869 1769 1048 1844 Leptitano-

118 1850 238 1928 20¹rum
261 1848 385 1923 negotia
399 1849 546 1917 venimus,
565 1866 625 1904 non
648 1847 809 1922 indignum
824 1849 946 1906 videtur
964 1869 1048 1925 egre-

171 1930 256 2002 gium
272 1934 363 2004 atque
378 1927 514 1986 mirabile
532 1928 649 1985 facinus
671 1928 800 1985 duorum
816 1929 1048 2006 Carthaginien-

169 2009 249 2065 sium
264 2026 447 2066 memorare:
462 2027 529 2066 eam
542 2026 605 2065 rem
615 2025 672 2065 nos
683 2009 768 2066 loeus
780 2010 945 2068 admonuit.
977 2012 1047 2084 Qua

169 2094 349 2164 tempestate
367 2088 637 2163 Carthaginienses
650 2089 794 2164 pleraque
810 2090 917 2148 Africa
929 2092 1050 2166 imperi·

169 2169 286 2240 tabant,
312 2167 503 2244 Cyrenenses
527 2186 645 2244 quoque
668 2169 773 2244 magni
798 2176 889 2245 atque
912 2172 1047 2245 opulenti

118 2253 154 2309 25
170 2249 260 2306 fuere.
304 2247 390 2324 Ager
404 2248 435 2305 in
451 2249 551 2306 medio
566 2267 719 2318 arenosae,
736 2267 796 2306 una
811 2250 927 2326 speeie:
951 2270 1047 2326 neque

171 2328 282 2386 flumen
293 2347 390 2404 neque
404 2346 493 2386 mons
511 2334 585 2400 erat,
602 2329 652 2404 qui
676 2329 750 2387 fines
772 2347 877 2387 eornm
900 2332 1049 2388 discerne-

170 2416 230 2467 ret:
254 2428 332 2485 qnae
346 2427 395 2466 res
409 2425 462 2466 eos
476 2408 508 2465 in
523 2427 635 2484 magno
657 2409 860 2486 diuturnoque
874 2411 953 2468 bello
969 2412 1048 2469 inter

171 2508 204 2547 se
216 2491 331 2549 habuit.
356 2489 522 2564 Postquam
533 2489 685 2564 utrimque
697 2491 840 2564 legiones,
850 2491 924 2548 item
934 2492 1047 2550 classes

172 2588 263 2644 saepe
286 2570 371 2627 fusae
395 2570 589 2644 fugataeque,
612 2576 644 2627 et
666 2570 754 2628 alteri
777 2572 888 2629 alteros
912 2572 1048 2647 aliquan-

118 2655 156 2710 30
171 2656 238 2707 tum
261 2650 452 2716 attriverant,
470 2650 560 2706 veriti
581 2668 619 2707 ne
641 2669 713 2708 mox
735 2653 833 2709 victos
855 2653 1046 2726 victoresque

171 2731 308 2788 defessos
333 2731 410 2788 alius
436 2731 661 2804 aggrederetur,
690 2749 743 2806 per
767 2731 902 2790 indutias
933 2733 1047 2808 sponsi·

171 2829 259 2868 onem
275 2810 399 2881 faciunt,
415 2810 460 2867 uti
482 2815 564 2867 certo
585 2811 634 2868 die
655 2810 749 2884 legati
770 2812 861 2869 domo
881 2813 1046 2887 proficisce-

171 2897 292 2949 rentur:
314 2909 375 2967 quo
396 2891 426 2947 in
449 2890 515 2947 loeo
529 2891 608 2947 iuter
623 2908 656 2947 se
671 2891 752 2964 ohvii
768 2892 905 2964 fuissent,
922 2894 949 2950 is
971 2911 1048 2951 oom-

170 2971 272 3028 munis
300 2971 457 3046 utriusque
485 2970 591 3044 populi
619 2971 686 3027 finis
721 2971 892 3031 haberetur.
948 2973 1047 3048 Igitur

118 3050 156 3111 35
174 3051 361 3125 Carthagine
376 3051 436 3108 duo
448 3050 558 3107 fratres
569 3051 664 3120 missi,
676 3052 787 3126 qulbus
804 3071 915 3110 nomen
931 3053 1049 3110 Philae-

171 3131 219 3188 nis
239 3138 313 3201 erat,
330 3138 521 3187 maturavere
536 3133 594 3188 iter
606 3148 738 3205 pergere.
783 3131 974 3208 Cyrenenses
991 3141 1049 3191 tar-

171 3210 241 3266 dius
255 3209 323 3266 iere.
367 3208 404 3266 Id
419 3210 595 3267 socordiane
619 3229 658 3267 an
679 3229 752 3268 casu
774 3213 924 3283 acciderit,
940 3232 1048 3289 parum

173 3289 313 3363 cognovi.
356 3289 500 3347 Ceterum
525 3290 602 3347 solet
631 3290 662 3346 in
690 3291 751 3348 illis
780 3292 853 3350 loeis
881 3299 1050 3367 tempestas

173 3367 254 3424 haud
270 3385 357 3424 secus
375 3375 464 3443 atque
486 3369 519 3424 in
540 3369 618 3426 mari
640 3369 775 3428 retinere.
818 3371 900 3429 Nam
923 3373 975 3430 ubi
998 3391 1050 3449 per

968 3511 1101 3594 N
