2346 3718
96 185 140 249 34
372 201 401 246 c.
419 199 600 246 sanuusrr
626 199 748 245 crusni

152 357 335 433 Calpurnius
346 357 477 414 Romam
486 357 523 414 ad
531 357 890 431 magistratusrogandos
898 358 1029 435 proficis-

150 439 235 496 citur.
265 437 303 495 Iu
314 437 461 494 Numidia
470 445 500 494 et
508 438 642 494 exercitu
653 443 756 493 nostro
768 454 828 511 pax
839 439 1027 512 agitabatur.

191 522 237 576 30.
263 517 432 590 Postquam
448 518 540 574 resin
557 517 664 574 Africa
679 523 792 592 gestas,
803 537 921 593 quoque
937 520 1027 576 modo

151 607 236 655 actae
261 598 368 667 forent,
393 598 473 654 fama
497 597 676 671 divulgavit,
701 597 819 654 Romae
844 616 898 672 per
921 616 1027 656 omnes

117 679 135 736 5
150 678 231 735 locos
246 685 277 736 et
292 689 460 734 conventus
475 677 511 734 de
527 678 607 734 facto
622 678 755 734 consulis
771 678 889 751 agitari.
933 679 1027 753 Apud

148 758 267 832 plebem
290 758 395 832 gravis
417 757 542 826 invidia,
558 763 661 831 patres
685 757 808 815 solliciti
835 766 940 831 eraut;
962 777 1029 832 pro·

151 839 295 898 barentue
319 843 438 894 tantum
462 836 615 912 flagitium
643 855 682 893 an
709 839 863 895 decretum
892 839 1027 896 consulis

150 919 372 988 subverterent,
395 935 503 992 parum
532 919 699 974 constabat.
743 919 791 975 Ac
812 935 951 975 maxume
972 936 1027 976 eos

149 1001 287 1074 potentia
316 999 431 1066 Scauri,
461 997 542 1072 quod
570 997 597 1054 is
635 1004 739 1054 auctor
766 1005 798 1055 et
825 998 926 1055 socius
954 998 1028 1055 Bes-

98 1077 135 1134 10
150 1079 211 1136 tiae
240 1080 399 1147 ferebatur,
430 1095 448 1134 a
477 1095 548 1135 vero
573 1078 712 1153 bonoque
744 1077 937 1153 impediebat.
981 1079 1027 1137 At

151 1158 184 1217 O.
201 1159 375 1227 Memmius,
391 1160 476 1232 cujus
497 1158 533 1215 de
555 1157 695 1215 libertate
718 1158 823 1232 ingeni
839 1168 870 1215 et
891 1158 960 1216 odio
975 1177 1027 1234 po-

149 1241 263 1298 tentiae
275 1239 446 1299 nobilitatis
463 1256 555 1313 supra
564 1238 705 1309 diximus
713 1238 791 1295 inter
803 1239 1026 1297 dubitationem

149 1325 181 1376 et
195 1338 296 1379 moras
311 1326 437 1379 senatus
452 1319 648 1376 concionibus
660 1320 806 1393 populum
822 1321 861 1377 ad
872 1319 1026 1398 vindican-¹

149 1399 221 1456 dum
238 1402 371 1473 hortari3
393 1417 524 1468 mouere,
540 1417 577 1455 ne
592 1399 830 1474 rempublicam,
846 1418 883 1457 ne
906 1400 1026 1458 liberta-

98 1477 133 1535 15
148 1487 210 1536 tem
241 1500 328 1539 suam
358 1482 539 1548 desererent,
562 1480 660 1535 multa
689 1480 818 1554 superba
839 1487 871 1537 et
892 1481 1026 1539 crudelia

148 1560 281 1620 facinora
293 1560 460 1619 nobilitatis
472 1561 645 1618 ostendere:
661 1577 785 1635 prorsus
797 1561 932 1618 intentus
942 1563 1025 1619 omui

149 1642 239 1698 modo
254 1643 351 1718 plebis
368 1642 502 1698 animum
521 1641 710 1698 incendebat.
755 1640 814 1698 seu
830 1642 971 1716 quoniam
987 1661 1025 1699 ea

147 1729 330 1797 tempestate
346 1723 464 1781 Romae
480 1721 608 1778 Memmi
631 1721 773 1778 facundia
787 1721 870 1779 clara
895 1723 1025 1798 pollens·

147 1821 205 1878 que
230 1803 295 1874 fuit,
319 1804 422 1861 decere
445 1802 630 1859 existumavi
654 1820 746 1859 unam
770 1819 810 1858 ex
830 1808 893 1859 tam
918 1803 1024 1860 multis

96 1880 133 1937 20
148 1884 314 1942 orationem
324 1887 388 1959 ejus
398 1883 591 1958 perscribere,
605 1900 640 1939 ac
654 1883 858 1958 potissumum
868 1901 904 1940 ca
914 1884 1021 1955 dicam,

147 1982 224 2039 quae
239 1967 271 2023 in
286 1965 430 2023 concione
444 1970 515 2039 post
524 1962 657 2021 reditum
671 1963 796 2022 Bestiae
806 1963 930 2039 hujusce
940 1965 1023 2022 modi

147 2046 248 2102 verbis
263 2046 414 2104 disseruit.

187 2129 232 2184 31.
256 2133 272 2157 “
284 2127 384 2183 Multa
399 2143 446 2182 me
469 2125 670 2184 dehortantur
685 2124 813 2196 avobis,
831 2125 973 2200 Quirites
990 2126 1023 2183 ni

148 2207 282 2264 studium
298 2208 340 2264 rei
355 2208 494 2282 publicae
506 2208 610 2263 omnia
624 2213 760 2282 superet:
783 2225 856 2281 opes
872 2207 1020 2277 factionis

94 2286 131 2344 25
149 2292 252 2344 vostra
272 2288 431 2363 patientia,
443 2289 494 2362 jus
515 2287 641 2356 nullum,
659 2305 694 2344 ac
708 2305 859 2357 maxume,
882 2288 963 2362 quod
979 2287 1023 2343 in-

147 2367 303 2426 nocentiae
318 2369 387 2443 plus
400 2369 526 2444 periculi
535 2386 625 2442 quam
638 2368 760 2425 honoris
774 2374 828 2425 est.
872 2367 954 2425 Nam
969 2368 1022 2424 illa

147 2448 269 2521 quidem
298 2450 384 2523 piget
411 2450 518 2516 dicere,
535 2448 583 2505 his
611 2449 700 2505 annis
728 2449 901 2524 quindecim
929 2467 1020 2523 quam

146 2527 275 2585 ludibrio
303 2529 421 2586 fueritis
450 2529 608 2603 superbiae
629 2546 804 2604 paucorum,
820 2547 912 2604 quam
933 2529 1020 2586 foede

146 2626 296 2684 quamque
319 2609 407 2666 inulti
421 2609 567 2685 perierint
579 2609 674 2666 vostri
690 2609 872 2676 defensores
883 2615 918 2666 ut
932 2609 1020 2667 vobis

93 2689 131 2745 30
147 2689 267 2745 animus
283 2690 320 2745 ab
334 2689 460 2763 ignavia
476 2695 566 2763 atque
582 2689 725 2746 socordia
737 2697 896 2765 corruptus
905 2690 954 2759 sit,
968 2690 1022 2764 qui

146 2786 183 2825 ne
199 2787 279 2826 nunc
294 2769 425 2843 quidem,
439 2769 577 2826 obnoxiis
593 2769 733 2840 inimicis,
741 2770 917 2844 exsurgitis,
929 2779 1020 2844 atque

145 2849 239 2906 etiam
265 2867 343 2906 nune
366 2850 481 2905 timetis
503 2867 565 2916 eos,
582 2849 693 2924 quibus
717 2851 804 2908 decet
818 2849 924 2908 terrori
942 2868 1018 2907 esse.

148 2928 207 2986 Sed
229 2947 412 3004 quamquam
429 2928 503 2986 haec
517 2929 593 2986 talia
616 2936 695 2999 sunt,
712 2936 816 2987 tamen
832 2930 952 2988 obviam
976 2931 1020 2988 ire

146 3008 287 3066 factionis
302 3010 455 3082 potentiae
465 3009 584 3066 animus
596 3009 719 3084 subigit.
765 3011 855 3070 Oerte
865 3028 921 3084 ego
936 3010 1022 3066 liber-

93 3088 131 3145 35
146 3094 250 3158 tatem,
267 3107 344 3162 quae
367 3089 442 3146 mihi
466 3107 483 3146 a
506 3096 632 3163 parente
654 3109 721 3147 meo
735 3091 849 3148 tradita
863 3096 919 3161 est,
935 3107 1022 3165 expe-

147 3169 223 3224 riar:
247 3185 350 3225 verum
366 3169 396 3224 id
411 3169 523 3225 frustra
538 3187 577 3225 au
598 3170 637 3226 ob
652 3187 716 3226 rem
732 3171 852 3239 faciam,
869 3172 900 3227 iu
916 3177 1021 3228 vostra

147 3265 239 3304 mauu
261 3250 353 3305 situm
375 3256 430 3316 est,
448 3248 591 3323 Quirites.
636 3248 742 3325 Neque
757 3269 814 3325 ego
829 3268 886 3308 vos
908 3250 1020 3321 hortor,

147 3328 226 3401 quod
241 3345 331 3402 saepe
346 3329 475 3401 majores
490 3329 586 3384 nostri
601 3329 705 3398 fecere,
717 3331 761 3387 uti
775 3337 880 3389 contra
895 3331 1022 3405 iujurias

147 3407 257 3464 armati
282 3407 379 3464 eatis:
412 3407 486 3464 nihil
502 3408 542 3476 vi,
567 3409 642 3465 nihil
669 3411 839 3469 secessione
865 3429 942 3486 opus
963 3415 1020 3468 est.
