<?xml version="1.0" encoding="UTF-8"?>
<!DOCTYPE html PUBLIC "-//W3C//DTD XHTML 1.0 Transitional//EN"
    "http://www.w3.org/TR/xhtml1/DTD/xhtml1-transitional.dtd">
<html xmlns="http://www.w3.org/1999/xhtml" xml:lang="en" lang="en">
 <head>
  <title>
</title>
<meta http-equiv="Content-Type" content="text/html;charset=utf-8" />
  <meta name='ocr-system' content='tesseract 3.04.00' />
  <meta name='ocr-capabilities' content='ocr_page ocr_carea ocr_par ocr_line ocrx_word'/>
</head>
<body>
  <div class='ocr_page' id='page_1' title='image "./csallusticrispi01stuagoog_0085.png"; bbox 0 0 2322 3718; ppageno 0'>
   <div class='ocr_carea' id='block_1_1' title="bbox 96 173 749 242">
    <p class='ocr_par' dir='ltr' id='par_1_1' title="bbox 96 173 749 242">
     <span class='ocr_line' id='line_1_1' title="bbox 96 173 749 242; baseline -0.011 -1"><span class='ocrx_word' id='word_1_1' title='bbox 96 173 138 242; x_wconf 81' lang='lat'><strong>78</strong></span> <span class='ocrx_word' id='word_1_2' title='bbox 372 188 401 236; x_wconf 89' lang='lat' dir='ltr'><strong>o.</strong></span> <span class='ocrx_word' id='word_1_3' title='bbox 418 186 600 236; x_wconf 78' lang='lat' dir='ltr'><strong>snunusrr</strong></span> <span class='ocrx_word' id='word_1_4' title='bbox 626 186 749 235; x_wconf 81' lang='lat' dir='ltr'><strong>enrsrr</strong></span> 
     </span>
    </p>
   </div>
   <div class='ocr_carea' id='block_1_2' title="bbox 99 345 1036 3471">
    <p class='ocr_par' dir='ltr' id='par_1_2' title="bbox 99 345 1034 1545">
     <span class='ocr_line' id='line_1_2' title="bbox 148 345 1030 420; baseline 0 -15"><span class='ocrx_word' id='word_1_5' title='bbox 148 363 287 406; x_wconf 88' lang='lat' dir='ltr'><strong>mensum</strong></span> <span class='ocrx_word' id='word_1_6' title='bbox 303 346 411 417; x_wconf 83' lang='lat' dir='ltr'><strong>editus,</strong></span> <span class='ocrx_word' id='word_1_7' title='bbox 429 363 489 403; x_wconf 92' lang='lat' dir='ltr'><strong>uuo</strong></span> <span class='ocrx_word' id='word_1_8' title='bbox 503 351 691 420; x_wconf 86' lang='lat' dir='ltr'><strong>perangusto</strong></span> <span class='ocrx_word' id='word_1_9' title='bbox 706 345 794 404; x_wconf 89' lang='lat' dir='ltr'><strong>aditu</strong></span> <span class='ocrx_word' id='word_1_10' title='bbox 809 346 932 404; x_wconf 82' lang='lat' dir='ltr'><strong>relicto:</strong></span> <span class='ocrx_word' id='word_1_11' title='bbox 954 365 1030 405; x_wconf 89' lang='lat' dir='ltr'><strong>nam</strong></span> 
     </span>
     <span class='ocr_line' id='line_1_3' title="bbox 149 426 1031 503; baseline -0.001 -19"><span class='ocrx_word' id='word_1_12' title='bbox 149 427 248 484; x_wconf 90' lang='lat' dir='ltr'><strong>omnis</strong></span> <span class='ocrx_word' id='word_1_13' title='bbox 271 432 383 484; x_wconf 89' lang='lat' dir='ltr'><strong>natura</strong></span> <span class='ocrx_word' id='word_1_14' title='bbox 398 426 483 483; x_wconf 89' lang='lat' dir='ltr'><strong>velut</strong></span> <span class='ocrx_word' id='word_1_15' title='bbox 503 443 591 501; x_wconf 89' lang='lat' dir='ltr'><strong>opere</strong></span> <span class='ocrx_word' id='word_1_16' title='bbox 614 433 705 500; x_wconf 90' lang='lat' dir='ltr'><strong>atque</strong></span> <span class='ocrx_word' id='word_1_17' title='bbox 720 426 859 484; x_wconf 89' lang='lat' dir='ltr'><strong>consulto</strong></span> <span class='ocrx_word' id='word_1_18' title='bbox 874 444 1031 503; x_wconf 85' lang='lat' dir='ltr'><strong>praeceps.</strong></span> 
     </span>
     <span class='ocr_line' id='line_1_4' title="bbox 150 505 1031 582; baseline 0.001 -18"><span class='ocrx_word' id='word_1_19' title='bbox 150 509 248 582; x_wconf 78' lang='lat' dir='ltr'><strong>Quem</strong></span> <span class='ocrx_word' id='word_1_20' title='bbox 268 506 369 565; x_wconf 92' lang='lat' dir='ltr'><strong>locum</strong></span> <span class='ocrx_word' id='word_1_21' title='bbox 385 505 510 575; x_wconf 89' lang='lat' dir='ltr'><strong>Marius,</strong></span> <span class='ocrx_word' id='word_1_22' title='bbox 528 506 609 582; x_wconf 90' lang='lat' dir='ltr'><strong>quod</strong></span> <span class='ocrx_word' id='word_1_23' title='bbox 624 507 666 563; x_wconf 91' lang='lat' dir='ltr'><strong>ibi</strong></span> <span class='ocrx_word' id='word_1_24' title='bbox 680 507 763 582; x_wconf 88' lang='lat' dir='ltr'><strong>regis</strong></span> <span class='ocrx_word' id='word_1_25' title='bbox 779 505 916 564; x_wconf 81' lang='lat' dir='ltr'><strong>thesauri</strong></span> <span class='ocrx_word' id='word_1_26' title='bbox 932 513 1031 578; x_wconf 89' lang='lat' dir='ltr'><strong>erant,</strong></span> 
     </span>
     <span class='ocr_line' id='line_1_5' title="bbox 149 586 1033 662; baseline 0 -18"><span class='ocrx_word' id='word_1_27' title='bbox 149 604 269 645; x_wconf 88' lang='lat' dir='ltr'><strong>summa</strong></span> <span class='ocrx_word' id='word_1_28' title='bbox 284 587 314 643; x_wconf 87' lang='lat' dir='ltr'><strong>vi</strong></span> <span class='ocrx_word' id='word_1_29' title='bbox 338 603 444 661; x_wconf 79' lang='lat' dir='ltr'><strong>capere</strong></span> <span class='ocrx_word' id='word_1_30' title='bbox 468 587 607 644; x_wconf 82' lang='lat' dir='ltr'><strong>intendit.</strong></span> <span class='ocrx_word' id='word_1_31' title='bbox 654 587 714 645; x_wconf 84' lang='lat' dir='ltr'><strong>Sed</strong></span> <span class='ocrx_word' id='word_1_32' title='bbox 729 605 766 644; x_wconf 88' lang='lat' dir='ltr'><strong>ea</strong></span> <span class='ocrx_word' id='word_1_33' title='bbox 779 603 828 643; x_wconf 87' lang='lat' dir='ltr'><strong>res</strong></span> <span class='ocrx_word' id='word_1_34' title='bbox 844 586 921 644; x_wconf 84' lang='lat' dir='ltr'><strong>forte</strong></span> <span class='ocrx_word' id='word_1_35' title='bbox 937 605 1033 662; x_wconf 88' lang='lat' dir='ltr'><strong>quam</strong></span> 
     </span>
     <span class='ocr_line' id='line_1_6' title="bbox 116 665 1033 742; baseline -0.001 -17"><span class='ocrx_word' id='word_1_36' title='bbox 116 670 133 725; x_wconf 99' lang='grc'>5</span> <span class='ocrx_word' id='word_1_37' title='bbox 150 668 276 725; x_wconf 88' lang='lat' dir='ltr'><strong>consilio</strong></span> <span class='ocrx_word' id='word_1_38' title='bbox 292 666 400 724; x_wconf 89' lang='lat' dir='ltr'><strong>melius</strong></span> <span class='ocrx_word' id='word_1_39' title='bbox 415 672 511 740; x_wconf 91' lang='lat' dir='ltr'><strong>gesta.</strong></span> <span class='ocrx_word' id='word_1_40' title='bbox 555 665 638 723; x_wconf 86' lang='lat' dir='ltr'><strong>Nem</strong></span> <span class='ocrx_word' id='word_1_41' title='bbox 653 667 776 724; x_wconf 88' lang='lat' dir='ltr'><strong>castello</strong></span> <span class='ocrx_word' id='word_1_42' title='bbox 788 666 923 724; x_wconf 91' lang='lat' dir='ltr'><strong>virorum</strong></span> <span class='ocrx_word' id='word_1_43' title='bbox 939 675 1033 742; x_wconf 87' lang='lat' dir='ltr'><strong>atquc</strong></span> 
     </span>
     <span class='ocr_line' id='line_1_7' title="bbox 151 746 1032 823; baseline 0 -19"><span class='ocrx_word' id='word_1_44' title='bbox 151 765 303 804; x_wconf 88' lang='lat' dir='ltr'><strong>armorum</strong></span> <span class='ocrx_word' id='word_1_45' title='bbox 320 746 395 803; x_wconf 88' lang='lat' dir='ltr'><strong>satis</strong></span> <span class='ocrx_word' id='word_1_46' title='bbox 405 752 436 803; x_wconf 90' lang='lat' dir='ltr'><strong>et</strong></span> <span class='ocrx_word' id='word_1_47' title='bbox 451 764 564 821; x_wconf 88' lang='lat' dir='ltr'><strong>magna</strong></span> <span class='ocrx_word' id='word_1_48' title='bbox 574 746 622 804; x_wconf 88' lang='lat' dir='ltr'><strong>vis</strong></span> <span class='ocrx_word' id='word_1_49' title='bbox 632 747 775 803; x_wconf 80' lang='lat' dir='ltr'><strong>frumenti</strong></span> <span class='ocrx_word' id='word_1_50' title='bbox 788 753 819 804; x_wconf 91' lang='lat' dir='ltr'><strong>et</strong></span> <span class='ocrx_word' id='word_1_51' title='bbox 834 748 902 804; x_wconf 87' lang='lat' dir='ltr'><strong>fons</strong></span> <span class='ocrx_word' id='word_1_52' title='bbox 916 765 1032 823; x_wconf 73' lang='lat' dir='ltr'><strong>aquae,</strong></span> 
     </span>
     <span class='ocr_line' id='line_1_8' title="bbox 151 826 1033 902; baseline 0 -18"><span class='ocrx_word' id='word_1_53' title='bbox 151 827 317 902; x_wconf 77' lang='lat' dir='ltr'>aggeribus</span> <span class='ocrx_word' id='word_1_54' title='bbox 333 826 526 902; x_wconf 88' lang='lat' dir='ltr'><strong>turribusque</strong></span> <span class='ocrx_word' id='word_1_55' title='bbox 536 832 567 884; x_wconf 90' lang='lat' dir='ltr'><strong>et</strong></span> <span class='ocrx_word' id='word_1_56' title='bbox 578 827 647 884; x_wconf 85' lang='lat' dir='ltr'><strong>aliis</strong></span> <span class='ocrx_word' id='word_1_57' title='bbox 657 827 936 885; x_wconf 75' lang='lat' dir='ltr'><strong>machinationibus</strong></span> <span class='ocrx_word' id='word_1_58' title='bbox 946 829 1033 885; x_wconf 90' lang='lat' dir='ltr'><strong>loeus</strong></span> 
     </span>
     <span class='ocr_line' id='line_1_9' title="bbox 151 906 1031 982; baseline 0 -18"><span class='ocrx_word' id='word_1_59' title='bbox 151 909 345 982; x_wconf 85' lang='lat' dir='ltr'><strong>importunus</strong></span> <span class='ocrx_word' id='word_1_60' title='bbox 355 927 362 979; x_wconf 92' lang='lat'>;</span> <span class='ocrx_word' id='word_1_61' title='bbox 373 906 431 963; x_wconf 89' lang='lat' dir='ltr'><strong>iter</strong></span> <span class='ocrx_word' id='word_1_62' title='bbox 439 907 674 964; x_wconf 90' lang='lat' dir='ltr'><strong>castellanorum</strong></span> <span class='ocrx_word' id='word_1_63' title='bbox 682 914 849 982; x_wconf 83' lang='lat' dir='ltr'><strong>augustum</strong></span> <span class='ocrx_word' id='word_1_64' title='bbox 856 908 1031 978; x_wconf 83' lang='lat' dir='ltr'><strong>admodum,</strong></span> 
     </span>
     <span class='ocr_line' id='line_1_10' title="bbox 149 987 1033 1063; baseline 0 -19"><span class='ocrx_word' id='word_1_65' title='bbox 149 989 300 1063; x_wconf 88' lang='lat' dir='ltr'><strong>utrimque</strong></span> <span class='ocrx_word' id='word_1_66' title='bbox 320 987 499 1062; x_wconf 86' lang='lat' dir='ltr'><strong>praecisum.</strong></span> <span class='ocrx_word' id='word_1_67' title='bbox 543 987 661 1044; x_wconf 89' lang='lat' dir='ltr'><strong>Vineae</strong></span> <span class='ocrx_word' id='word_1_68' title='bbox 677 1005 745 1044; x_wconf 91' lang='lat' dir='ltr'><strong>cum</strong></span> <span class='ocrx_word' id='word_1_69' title='bbox 765 987 883 1061; x_wconf 86' lang='lat' dir='ltr'><strong>ingenti</strong></span> <span class='ocrx_word' id='word_1_70' title='bbox 897 987 1033 1063; x_wconf 88' lang='lat' dir='ltr'><strong>periculo</strong></span> 
     </span>
     <span class='ocr_line' id='line_1_11' title="bbox 99 1068 1034 1144; baseline -0.002 -18"><span class='ocrx_word' id='word_1_71' title='bbox 99 1070 136 1127; x_wconf 89' lang='grc'><strong>10</strong></span> <span class='ocrx_word' id='word_1_72' title='bbox 152 1069 265 1126; x_wconf 88' lang='lat' dir='ltr'><strong>frustra</strong></span> <span class='ocrx_word' id='word_1_73' title='bbox 288 1069 477 1142; x_wconf 85' lang='lat' dir='ltr'><strong>agebantur;</strong></span> <span class='ocrx_word' id='word_1_74' title='bbox 499 1085 570 1123; x_wconf 90' lang='lat' dir='ltr'><strong>nam</strong></span> <span class='ocrx_word' id='word_1_75' title='bbox 591 1084 659 1124; x_wconf 91' lang='lat' dir='ltr'><strong>cum</strong></span> <span class='ocrx_word' id='word_1_76' title='bbox 681 1085 734 1124; x_wconf 89' lang='lat' dir='ltr'><strong>eae</strong></span> <span class='ocrx_word' id='word_1_77' title='bbox 759 1068 852 1143; x_wconf 88' lang='lat' dir='ltr'><strong>paulo</strong></span> <span class='ocrx_word' id='word_1_78' title='bbox 879 1085 1034 1144; x_wconf 88' lang='lat' dir='ltr'><strong>processe·</strong></span> 
     </span>
     <span class='ocr_line' id='line_1_12' title="bbox 148 1146 1032 1224; baseline -0.002 -18"><span class='ocrx_word' id='word_1_79' title='bbox 148 1156 227 1215; x_wconf 84' lang='lat' dir='ltr'><strong>rant,</strong></span> <span class='ocrx_word' id='word_1_80' title='bbox 250 1149 315 1222; x_wconf 82' lang='lat' dir='ltr'><strong>igni</strong></span> <span class='ocrx_word' id='word_1_81' title='bbox 345 1154 397 1204; x_wconf 88' lang='lat' dir='ltr'><strong>aut</strong></span> <span class='ocrx_word' id='word_1_82' title='bbox 425 1146 578 1221; x_wconf 82' lang='lat' dir='ltr'><strong>lapidibus</strong></span> <span class='ocrx_word' id='word_1_83' title='bbox 607 1148 895 1224; x_wconf 78' lang='lat' dir='ltr'><strong>corrumpebantur3</strong></span> <span class='ocrx_word' id='word_1_84' title='bbox 916 1148 1032 1205; x_wconf 87' lang='lat' dir='ltr'><strong>milites</strong></span> 
     </span>
     <span class='ocr_line' id='line_1_13' title="bbox 150 1227 1032 1304; baseline 0 -18"><span class='ocrx_word' id='word_1_85' title='bbox 150 1247 247 1304; x_wconf 88' lang='lat' dir='ltr'><strong>neque</strong></span> <span class='ocrx_word' id='word_1_86' title='bbox 266 1245 321 1304; x_wconf 91' lang='lat' dir='ltr'><strong>pro</strong></span> <span class='ocrx_word' id='word_1_87' title='bbox 336 1245 424 1303; x_wconf 89' lang='lat' dir='ltr'><strong>opere</strong></span> <span class='ocrx_word' id='word_1_88' title='bbox 444 1227 608 1285; x_wconf 85' lang='lat' dir='ltr'><strong>consistere</strong></span> <span class='ocrx_word' id='word_1_89' title='bbox 623 1234 748 1303; x_wconf 88' lang='lat' dir='ltr'><strong>propter</strong></span> <span class='ocrx_word' id='word_1_90' title='bbox 763 1227 958 1302; x_wconf 89' lang='lat' dir='ltr'><strong>iniquitatem</strong></span> <span class='ocrx_word' id='word_1_91' title='bbox 973 1228 1032 1286; x_wconf 89' lang='lat' dir='ltr'><strong>loci</strong></span> 
     </span>
     <span class='ocr_line' id='line_1_14' title="bbox 151 1307 1033 1384; baseline 0.001 -18"><span class='ocrx_word' id='word_1_92' title='bbox 151 1327 248 1384; x_wconf 89' lang='lat' dir='ltr'><strong>neque</strong></span> <span class='ocrx_word' id='word_1_93' title='bbox 271 1309 350 1364; x_wconf 89' lang='lat' dir='ltr'><strong>inter</strong></span> <span class='ocrx_word' id='word_1_94' title='bbox 364 1309 471 1366; x_wconf 88' lang='lat' dir='ltr'><strong>vincas</strong></span> <span class='ocrx_word' id='word_1_95' title='bbox 493 1307 558 1364; x_wconf 90' lang='lat' dir='ltr'><strong>sine</strong></span> <span class='ocrx_word' id='word_1_96' title='bbox 579 1308 714 1383; x_wconf 89' lang='lat' dir='ltr'><strong>periculo</strong></span> <span class='ocrx_word' id='word_1_97' title='bbox 730 1308 960 1367; x_wconf 86' lang='lat' dir='ltr'><strong>administrare:</strong></span> <span class='ocrx_word' id='word_1_98' title='bbox 983 1328 1033 1384; x_wconf 86' lang='lat' dir='ltr'><strong>op</strong></span> 
     </span>
     <span class='ocr_line' id='line_1_15' title="bbox 151 1388 1033 1466; baseline 0.002 -22"><span class='ocrx_word' id='word_1_99' title='bbox 151 1396 254 1446; x_wconf 88' lang='lat' dir='ltr'><strong>tumus</strong></span> <span class='ocrx_word' id='word_1_100' title='bbox 275 1388 404 1466; x_wconf 88' lang='lat' dir='ltr'><strong>quisque</strong></span> <span class='ocrx_word' id='word_1_101' title='bbox 425 1388 532 1446; x_wconf 87' lang='lat' dir='ltr'><strong>cadere</strong></span> <span class='ocrx_word' id='word_1_102' title='bbox 554 1396 609 1446; x_wconf 89' lang='lat' dir='ltr'><strong>aut</strong></span> <span class='ocrx_word' id='word_1_103' title='bbox 630 1388 772 1458; x_wconf 86' lang='lat' dir='ltr'><strong>sauciari,</strong></span> <span class='ocrx_word' id='word_1_104' title='bbox 795 1389 903 1446; x_wconf 88' lang='lat' dir='ltr'><strong>ceteris</strong></span> <span class='ocrx_word' id='word_1_105' title='bbox 931 1395 1033 1446; x_wconf 89' lang='lat' dir='ltr'><strong>metus</strong></span> 
     </span>
     <span class='ocr_line' id='line_1_16' title="bbox 100 1470 264 1545; baseline 0 -17"><span class='ocrx_word' id='word_1_106' title='bbox 100 1471 136 1528; x_wconf 90' lang='lat'><strong>15</strong></span> <span class='ocrx_word' id='word_1_107' title='bbox 152 1470 264 1545; x_wconf 89' lang='lat' dir='ltr'><strong>augeri.</strong></span> 
     </span>
    </p>

    <p class='ocr_par' dir='ltr' id='par_1_3' title="bbox 152 1548 1033 1868">
     <span class='ocr_line' id='line_1_17' title="bbox 194 1548 1032 1608; baseline -0.002 0"><span class='ocrx_word' id='word_1_108' title='bbox 194 1553 238 1608; x_wconf 83' lang='lat'><strong>93.</strong></span> <span class='ocrx_word' id='word_1_109' title='bbox 262 1554 307 1607; x_wconf 89' lang='lat' dir='ltr'><strong>At</strong></span> <span class='ocrx_word' id='word_1_110' title='bbox 328 1548 446 1606; x_wconf 89' lang='lat' dir='ltr'><strong>Marius</strong></span> <span class='ocrx_word' id='word_1_111' title='bbox 467 1548 572 1605; x_wconf 87' lang='lat' dir='ltr'><strong>multis</strong></span> <span class='ocrx_word' id='word_1_112' title='bbox 601 1549 708 1606; x_wconf 89' lang='lat' dir='ltr'><strong>diebus</strong></span> <span class='ocrx_word' id='word_1_113' title='bbox 733 1553 765 1606; x_wconf 90' lang='lat' dir='ltr'><strong>et</strong></span> <span class='ocrx_word' id='word_1_114' title='bbox 786 1548 942 1606; x_wconf 87' lang='lat' dir='ltr'><strong>laboribus</strong></span> <span class='ocrx_word' id='word_1_115' title='bbox 963 1567 1032 1608; x_wconf 89' lang='lat' dir='ltr'><strong>con·</strong></span> 
     </span>
     <span class='ocr_line' id='line_1_18' title="bbox 152 1629 1033 1706; baseline 0 -18"><span class='ocrx_word' id='word_1_116' title='bbox 152 1631 293 1706; x_wconf 88' lang='lat' dir='ltr'><strong>sumptis,</strong></span> <span class='ocrx_word' id='word_1_117' title='bbox 311 1631 420 1688; x_wconf 86' lang='lat' dir='ltr'><strong>anxius</strong></span> <span class='ocrx_word' id='word_1_118' title='bbox 434 1629 553 1686; x_wconf 87' lang='lat' dir='ltr'><strong>trahere</strong></span> <span class='ocrx_word' id='word_1_119' title='bbox 566 1647 635 1686; x_wconf 89' lang='lat' dir='ltr'><strong>cum</strong></span> <span class='ocrx_word' id='word_1_120' title='bbox 650 1630 750 1686; x_wconf 90' lang='lat' dir='ltr'><strong>animo</strong></span> <span class='ocrx_word' id='word_1_121' title='bbox 762 1647 826 1699; x_wconf 91' lang='lat' dir='ltr'><strong>suc,</strong></span> <span class='ocrx_word' id='word_1_122' title='bbox 838 1631 1033 1688; x_wconf 89' lang='lat' dir='ltr'><strong>omitteretne</strong></span> 
     </span>
     <span class='ocr_line' id='line_1_19' title="bbox 152 1709 1033 1788; baseline 0 -20"><span class='ocrx_word' id='word_1_123' title='bbox 152 1711 315 1788; x_wconf 87' lang='lat' dir='ltr'><strong>inceptum,</strong></span> <span class='ocrx_word' id='word_1_124' title='bbox 332 1711 475 1786; x_wconf 90' lang='lat' dir='ltr'><strong>quoniam</strong></span> <span class='ocrx_word' id='word_1_125' title='bbox 497 1710 610 1767; x_wconf 88' lang='lat' dir='ltr'><strong>frustra</strong></span> <span class='ocrx_word' id='word_1_126' title='bbox 624 1718 697 1780; x_wconf 89' lang='lat' dir='ltr'><strong>erat,</strong></span> <span class='ocrx_word' id='word_1_127' title='bbox 715 1727 753 1767; x_wconf 88' lang='lat' dir='ltr'><strong>an</strong></span> <span class='ocrx_word' id='word_1_128' title='bbox 774 1709 928 1768; x_wconf 89' lang='lat' dir='ltr'><strong>fortunam</strong></span> <span class='ocrx_word' id='word_1_129' title='bbox 944 1728 1033 1787; x_wconf 87' lang='lat' dir='ltr'><strong>oppe-</strong></span> 
     </span>
     <span class='ocr_line' id='line_1_20' title="bbox 153 1792 1033 1868; baseline 0.001 -19"><span class='ocrx_word' id='word_1_130' title='bbox 153 1792 270 1862; x_wconf 89' lang='lat' dir='ltr'><strong>riretur,</strong></span> <span class='ocrx_word' id='word_1_131' title='bbox 282 1811 343 1867; x_wconf 93' lang='lat' dir='ltr'><strong>qua</strong></span> <span class='ocrx_word' id='word_1_132' title='bbox 358 1809 448 1868; x_wconf 86' lang='lat' dir='ltr'><strong>saepe</strong></span> <span class='ocrx_word' id='word_1_133' title='bbox 463 1808 606 1867; x_wconf 89' lang='lat' dir='ltr'><strong>prospere</strong></span> <span class='ocrx_word' id='word_1_134' title='bbox 621 1807 696 1848; x_wconf 87' lang='lat' dir='ltr'><strong>usus</strong></span> <span class='ocrx_word' id='word_1_135' title='bbox 712 1792 817 1848; x_wconf 85' lang='lat' dir='ltr'><strong>iuerat.</strong></span> <span class='ocrx_word' id='word_1_136' title='bbox 862 1793 948 1866; x_wconf 79' lang='lat' dir='ltr'><strong>Quae</strong></span> <span class='ocrx_word' id='word_1_137' title='bbox 963 1811 1033 1850; x_wconf 92' lang='lat' dir='ltr'><strong>cum</strong></span> 
     </span>
    </p>

    <p class='ocr_par' dir='ltr' id='par_1_4' title="bbox 101 1873 1036 3471">
     <span class='ocr_line' id='line_1_21' title="bbox 101 1873 1034 1949; baseline 0 -19"><span class='ocrx_word' id='word_1_138' title='bbox 101 1873 267 1931; x_wconf 70' lang='lat' dir='ltr'><strong>humanos</strong></span> <span class='ocrx_word' id='word_1_139' title='bbox 283 1874 348 1931; x_wconf 92' lang='lat' dir='ltr'><strong>dies</strong></span> <span class='ocrx_word' id='word_1_140' title='bbox 364 1880 527 1948; x_wconf 82' lang='lat' dir='ltr'><strong>noctesque</strong></span> <span class='ocrx_word' id='word_1_141' title='bbox 544 1881 690 1948; x_wconf 77' lang='lat' dir='ltr'><strong>aestuans</strong></span> <span class='ocrx_word' id='word_1_142' title='bbox 713 1875 854 1947; x_wconf 87' lang='lat' dir='ltr'><strong>agitaret,</strong></span> <span class='ocrx_word' id='word_1_143' title='bbox 870 1874 948 1930; x_wconf 88' lang='lat' dir='ltr'><strong>forte</strong></span> <span class='ocrx_word' id='word_1_144' title='bbox 971 1874 1034 1949; x_wconf 90' lang='lat' dir='ltr'><strong>qui-</strong></span> 
     </span>
     <span class='ocr_line' id='line_1_22' title="bbox 153 1953 1031 2030; baseline 0.001 -20"><span class='ocrx_word' id='word_1_145' title='bbox 153 1955 223 2012; x_wconf 88' lang='lat' dir='ltr'><strong>dam</strong></span> <span class='ocrx_word' id='word_1_146' title='bbox 236 1954 340 2030; x_wconf 83' lang='lat' dir='ltr'><strong>Ligus,</strong></span> <span class='ocrx_word' id='word_1_147' title='bbox 351 1972 389 2012; x_wconf 86' lang='lat' dir='ltr'><strong>ex</strong></span> <span class='ocrx_word' id='word_1_148' title='bbox 400 1953 576 2011; x_wconf 90' lang='lat' dir='ltr'><strong>cohortibus</strong></span> <span class='ocrx_word' id='word_1_149' title='bbox 586 1953 754 2010; x_wconf 83' lang='lat' dir='ltr'><strong>auxiliariis</strong></span> <span class='ocrx_word' id='word_1_150' title='bbox 764 1954 853 2011; x_wconf 89' lang='lat' dir='ltr'><strong>miles</strong></span> <span class='ocrx_word' id='word_1_151' title='bbox 863 1955 1031 2029; x_wconf 86' lang='lat' dir='ltr'><strong>gregarius,</strong></span> 
     </span>
     <span class='ocr_line' id='line_1_23' title="bbox 156 2034 1034 2110; baseline 0 -18"><span class='ocrx_word' id='word_1_152' title='bbox 156 2037 265 2092; x_wconf 88' lang='lat' dir='ltr'><strong>castris</strong></span> <span class='ocrx_word' id='word_1_153' title='bbox 295 2041 439 2110; x_wconf 85' lang='lat' dir='ltr'><strong>aquatum</strong></span> <span class='ocrx_word' id='word_1_154' title='bbox 470 2052 612 2109; x_wconf 87' lang='lat' dir='ltr'><strong>egressus</strong></span> <span class='ocrx_word' id='word_1_155' title='bbox 642 2034 722 2092; x_wconf 91' lang='lat' dir='ltr'><strong>haud</strong></span> <span class='ocrx_word' id='word_1_156' title='bbox 747 2035 850 2110; x_wconf 88' lang='lat' dir='ltr'><strong>procul</strong></span> <span class='ocrx_word' id='word_1_157' title='bbox 873 2036 911 2092; x_wconf 91' lang='lat' dir='ltr'><strong>ab</strong></span> <span class='ocrx_word' id='word_1_158' title='bbox 939 2035 1034 2092; x_wconf 88' lang='lat' dir='ltr'><strong>latere</strong></span> 
     </span>
     <span class='ocr_line' id='line_1_24' title="bbox 154 2115 1034 2190; baseline -0.001 -17"><span class='ocrx_word' id='word_1_159' title='bbox 154 2115 280 2186; x_wconf 86' lang='lat' dir='ltr'><strong>castelli,</strong></span> <span class='ocrx_word' id='word_1_160' title='bbox 297 2117 377 2190; x_wconf 91' lang='lat' dir='ltr'><strong>quod</strong></span> <span class='ocrx_word' id='word_1_161' title='bbox 399 2133 540 2173; x_wconf 87' lang='lat' dir='ltr'><strong>evorsum</strong></span> <span class='ocrx_word' id='word_1_162' title='bbox 563 2115 784 2190; x_wconf 88' lang='lat' dir='ltr'><strong>proeliantibus</strong></span> <span class='ocrx_word' id='word_1_163' title='bbox 805 2121 879 2186; x_wconf 84' lang='lat' dir='ltr'><strong>erat,</strong></span> <span class='ocrx_word' id='word_1_164' title='bbox 898 2116 1034 2172; x_wconf 88' lang='lat' dir='ltr'><strong>animum</strong></span> 
     </span>
     <span class='ocr_line' id='line_1_25' title="bbox 155 2197 1034 2271; baseline 0 -18"><span class='ocrx_word' id='word_1_165' title='bbox 155 2197 289 2253; x_wconf 85' lang='lat' dir='ltr'><strong>advortit</strong></span> <span class='ocrx_word' id='word_1_166' title='bbox 304 2197 383 2254; x_wconf 90' lang='lat' dir='ltr'><strong>inter</strong></span> <span class='ocrx_word' id='word_1_167' title='bbox 397 2214 471 2253; x_wconf 85' lang='lat' dir='ltr'><strong>saxa</strong></span> <span class='ocrx_word' id='word_1_168' title='bbox 485 2202 625 2271; x_wconf 90' lang='lat' dir='ltr'><strong>repentes</strong></span> <span class='ocrx_word' id='word_1_169' title='bbox 640 2197 797 2269; x_wconf 80' lang='lat' dir='ltr'><strong>cochleas3</strong></span> <span class='ocrx_word' id='word_1_170' title='bbox 819 2214 947 2271; x_wconf 88' lang='lat' dir='ltr'><strong>quarum</strong></span> <span class='ocrx_word' id='word_1_171' title='bbox 963 2213 1034 2253; x_wconf 91' lang='lat' dir='ltr'><strong>cum</strong></span> 
     </span>
     <span class='ocr_line' id='line_1_26' title="bbox 102 2277 1036 2352; baseline -0.001 -18"><span class='ocrx_word' id='word_1_172' title='bbox 102 2278 139 2335; x_wconf 77' lang='lat'><strong>25</strong></span> <span class='ocrx_word' id='word_1_173' title='bbox 156 2295 246 2334; x_wconf 91' lang='lat' dir='ltr'><strong>unam</strong></span> <span class='ocrx_word' id='word_1_174' title='bbox 263 2282 352 2352; x_wconf 87' lang='lat' dir='ltr'><strong>atque</strong></span> <span class='ocrx_word' id='word_1_175' title='bbox 368 2279 502 2346; x_wconf 85' lang='lat' dir='ltr'><strong>alteram,</strong></span> <span class='ocrx_word' id='word_1_176' title='bbox 519 2277 588 2334; x_wconf 87' lang='lat' dir='ltr'><strong>dein</strong></span> <span class='ocrx_word' id='word_1_177' title='bbox 608 2277 711 2351; x_wconf 90' lang='lat' dir='ltr'><strong>plures</strong></span> <span class='ocrx_word' id='word_1_178' title='bbox 730 2282 855 2351; x_wconf 84' lang='lat' dir='ltr'><strong>peteret,</strong></span> <span class='ocrx_word' id='word_1_179' title='bbox 872 2277 974 2334; x_wconf 90' lang='lat' dir='ltr'><strong>studio</strong></span> <span class='ocrx_word' id='word_1_180' title='bbox 995 2277 1036 2333; x_wconf 91' lang='lat' dir='ltr'><strong>le·</strong></span> 
     </span>
     <span class='ocr_line' id='line_1_27' title="bbox 154 2356 1034 2433; baseline 0.002 -21"><span class='ocrx_word' id='word_1_181' title='bbox 154 2356 249 2430; x_wconf 89' lang='lat' dir='ltr'><strong>gundi</strong></span> <span class='ocrx_word' id='word_1_182' title='bbox 266 2359 412 2432; x_wconf 86' lang='lat' dir='ltr'><strong>paulatim</strong></span> <span class='ocrx_word' id='word_1_183' title='bbox 429 2375 521 2433; x_wconf 89' lang='lat' dir='ltr'><strong>prope</strong></span> <span class='ocrx_word' id='word_1_184' title='bbox 538 2357 576 2414; x_wconf 90' lang='lat' dir='ltr'><strong>ad</strong></span> <span class='ocrx_word' id='word_1_185' title='bbox 592 2375 742 2414; x_wconf 85' lang='lat' dir='ltr'><strong>summurn</strong></span> <span class='ocrx_word' id='word_1_186' title='bbox 759 2357 873 2414; x_wconf 90' lang='lat' dir='ltr'><strong>montis</strong></span> <span class='ocrx_word' id='word_1_187' title='bbox 888 2373 1034 2431; x_wconf 89' lang='lat' dir='ltr'><strong>egressus</strong></span> 
     </span>
     <span class='ocr_line' id='line_1_28' title="bbox 154 2437 1035 2513; baseline 0.001 -20"><span class='ocrx_word' id='word_1_188' title='bbox 154 2443 209 2494; x_wconf 91' lang='lat' dir='ltr'><strong>est.</strong></span> <span class='ocrx_word' id='word_1_189' title='bbox 253 2437 315 2495; x_wconf 92' lang='lat' dir='ltr'><strong>Ubi</strong></span> <span class='ocrx_word' id='word_1_190' title='bbox 328 2445 491 2513; x_wconf 86' lang='lat' dir='ltr'><strong>postquam</strong></span> <span class='ocrx_word' id='word_1_191' title='bbox 506 2437 702 2494; x_wconf 88' lang='lat' dir='ltr'><strong>solitudinem</strong></span> <span class='ocrx_word' id='word_1_192' title='bbox 718 2437 877 2507; x_wconf 84' lang='lat' dir='ltr'><strong>intellexit,</strong></span> <span class='ocrx_word' id='word_1_193' title='bbox 892 2455 975 2496; x_wconf 88' lang='lat' dir='ltr'><strong>more</strong></span> <span class='ocrx_word' id='word_1_194' title='bbox 991 2438 1035 2494; x_wconf 90' lang='lat' dir='ltr'><strong>iu·</strong></span> 
     </span>
     <span class='ocr_line' id='line_1_29' title="bbox 156 2517 1032 2593; baseline -0.002 -19"><span class='ocrx_word' id='word_1_195' title='bbox 156 2517 227 2590; x_wconf 89' lang='lat' dir='ltr'><strong>geni</strong></span> <span class='ocrx_word' id='word_1_196' title='bbox 243 2517 366 2576; x_wconf 90' lang='lat' dir='ltr'><strong>humani</strong></span> <span class='ocrx_word' id='word_1_197' title='bbox 378 2518 489 2593; x_wconf 92' lang='lat' dir='ltr'><strong>cupido</strong></span> <span class='ocrx_word' id='word_1_198' title='bbox 500 2517 631 2574; x_wconf 89' lang='lat' dir='ltr'><strong>difficilia</strong></span> <span class='ocrx_word' id='word_1_199' title='bbox 643 2517 773 2575; x_wconf 82' lang='lat' dir='ltr'><strong>faciundi</strong></span> <span class='ocrx_word' id='word_1_200' title='bbox 784 2517 920 2575; x_wconf 90' lang='lat' dir='ltr'><strong>animum</strong></span> <span class='ocrx_word' id='word_1_201' title='bbox 931 2518 1032 2575; x_wconf 89' lang='lat' dir='ltr'><strong>vortit.</strong></span> 
     </span>
     <span class='ocr_line' id='line_1_30' title="bbox 156 2597 1032 2672; baseline 0 -18"><span class='ocrx_word' id='word_1_202' title='bbox 156 2598 197 2654; x_wconf 83' lang='lat' dir='ltr'><strong>Et</strong></span> <span class='ocrx_word' id='word_1_203' title='bbox 213 2598 289 2654; x_wconf 88' lang='lat' dir='ltr'><strong>forte</strong></span> <span class='ocrx_word' id='word_1_204' title='bbox 305 2598 337 2654; x_wconf 92' lang='lat' dir='ltr'><strong>in</strong></span> <span class='ocrx_word' id='word_1_205' title='bbox 351 2617 386 2656; x_wconf 89' lang='lat' dir='ltr'><strong>eo</strong></span> <span class='ocrx_word' id='word_1_206' title='bbox 403 2600 468 2657; x_wconf 93' lang='lat' dir='ltr'><strong>loco</strong></span> <span class='ocrx_word' id='word_1_207' title='bbox 485 2597 610 2672; x_wconf 86' lang='lat' dir='ltr'><strong>grandis</strong></span> <span class='ocrx_word' id='word_1_208' title='bbox 621 2597 681 2654; x_wconf 87' lang='lat' dir='ltr'><strong>ilex</strong></span> <span class='ocrx_word' id='word_1_209' title='bbox 691 2597 844 2655; x_wconf 82' lang='lat' dir='ltr'><strong>coaluerat</strong></span> <span class='ocrx_word' id='word_1_210' title='bbox 859 2599 1032 2666; x_wconf 85' lang='lat' dir='ltr'><strong>intersaxa,</strong></span> 
     </span>
     <span class='ocr_line' id='line_1_31' title="bbox 102 2677 1033 2754; baseline -0.004 -16"><span class='ocrx_word' id='word_1_211' title='bbox 102 2682 140 2738; x_wconf 90' lang='lat'><strong>30</strong></span> <span class='ocrx_word' id='word_1_212' title='bbox 155 2678 278 2753; x_wconf 88' lang='lat' dir='ltr'><strong>paulum</strong></span> <span class='ocrx_word' id='word_1_213' title='bbox 301 2680 391 2738; x_wconf 91' lang='lat' dir='ltr'><strong>modo</strong></span> <span class='ocrx_word' id='word_1_214' title='bbox 412 2696 517 2754; x_wconf 87' lang='lat' dir='ltr'><strong>prona,</strong></span> <span class='ocrx_word' id='word_1_215' title='bbox 534 2677 643 2735; x_wconf 91' lang='lat' dir='ltr'><strong>deinde</strong></span> <span class='ocrx_word' id='word_1_216' title='bbox 658 2677 768 2734; x_wconf 87' lang='lat' dir='ltr'><strong>inflexa</strong></span> <span class='ocrx_word' id='word_1_217' title='bbox 783 2684 874 2752; x_wconf 90' lang='lat' dir='ltr'><strong>atque</strong></span> <span class='ocrx_word' id='word_1_218' title='bbox 889 2686 979 2735; x_wconf 89' lang='lat' dir='ltr'><strong>aucta</strong></span> <span class='ocrx_word' id='word_1_219' title='bbox 1001 2678 1033 2734; x_wconf 94' lang='lat' dir='ltr'><strong>in</strong></span> 
     </span>
     <span class='ocr_line' id='line_1_32' title="bbox 156 2758 1034 2835; baseline 0 -21"><span class='ocrx_word' id='word_1_220' title='bbox 156 2758 427 2835; x_wconf 73' lang='lat' dir='ltr'><strong>altitudinemque</strong></span> <span class='ocrx_word' id='word_1_221' title='bbox 443 2764 552 2817; x_wconf 86' lang='lat' dir='ltr'><strong>cuncte</strong></span> <span class='ocrx_word' id='word_1_222' title='bbox 568 2758 758 2832; x_wconf 85' lang='lat' dir='ltr'><strong>gignentium</strong></span> <span class='ocrx_word' id='word_1_223' title='bbox 774 2758 969 2831; x_wconf 65' lang='lat' dir='ltr'><strong>naturalem</strong></span> <span class='ocrx_word' id='word_1_224' title='bbox 985 2775 1034 2814; x_wconf 92' lang='lat' dir='ltr'><strong>cu·</strong></span> 
     </span>
     <span class='ocr_line' id='line_1_33' title="bbox 157 2836 1034 2912; baseline 0 -18"><span class='ocrx_word' id='word_1_225' title='bbox 157 2836 1034 2912; x_wconf 72' lang='lat' dir='ltr'><strong>jusramismodo,modoeminentibussaxisnisuslrigus</strong></span> 
     </span>
     <span class='ocr_line' id='line_1_34' title="bbox 156 2918 1032 2994; baseline 0.001 -21"><span class='ocrx_word' id='word_1_226' title='bbox 156 2919 187 2974; x_wconf 92' lang='lat' dir='ltr'><strong>in</strong></span> <span class='ocrx_word' id='word_1_227' title='bbox 202 2920 317 2976; x_wconf 84' lang='lat' dir='ltr'><strong>castelli</strong></span> <span class='ocrx_word' id='word_1_228' title='bbox 333 2921 492 2993; x_wconf 89' lang='lat' dir='ltr'><strong>planitiem</strong></span> <span class='ocrx_word' id='word_1_229' title='bbox 507 2919 655 2994; x_wconf 85' lang='lat' dir='ltr'><strong>pervenit,</strong></span> <span class='ocrx_word' id='word_1_230' title='bbox 667 2918 748 2994; x_wconf 90' lang='lat' dir='ltr'><strong>quod</strong></span> <span class='ocrx_word' id='word_1_231' title='bbox 764 2919 864 2976; x_wconf 89' lang='lat' dir='ltr'><strong>cuncti</strong></span> <span class='ocrx_word' id='word_1_232' title='bbox 880 2919 1032 2976; x_wconf 89' lang='lat' dir='ltr'><strong>Numidae</strong></span> 
     </span>
     <span class='ocr_line' id='line_1_35' title="bbox 155 2998 1028 3072; baseline 0.005 -20"><span class='ocrx_word' id='word_1_233' title='bbox 155 2998 266 3054; x_wconf 90' lang='lat' dir='ltr'><strong>intenti</strong></span> <span class='ocrx_word' id='word_1_234' title='bbox 280 2999 498 3072; x_wconf 88' lang='lat' dir='ltr'><strong>proeliantibus</strong></span> <span class='ocrx_word' id='word_1_235' title='bbox 513 2998 647 3055; x_wconf 90' lang='lat' dir='ltr'><strong>aderant.</strong></span> <span class='ocrx_word' id='word_1_236' title='bbox 691 2998 864 3071; x_wconf 79' lang='lat' dir='ltr'><strong>Exploratis</strong></span> <span class='ocrx_word' id='word_1_237' title='bbox 880 2999 1028 3068; x_wconf 87' lang='lat' dir='ltr'><strong>omnihus,</strong></span> 
     </span>
     <span class='ocr_line' id='line_1_36' title="bbox 104 3078 1033 3152; baseline 0.002 -20"><span class='ocrx_word' id='word_1_238' title='bbox 104 3079 141 3133; x_wconf 88' lang='grc'><strong>35</strong></span> <span class='ocrx_word' id='word_1_239' title='bbox 157 3094 234 3148; x_wconf 88' lang='lat' dir='ltr'><strong>quae</strong></span> <span class='ocrx_word' id='word_1_240' title='bbox 254 3094 325 3134; x_wconf 86' lang='lat' dir='ltr'><strong>mox</strong></span> <span class='ocrx_word' id='word_1_241' title='bbox 344 3079 414 3134; x_wconf 90' lang='lat' dir='ltr'><strong>usui</strong></span> <span class='ocrx_word' id='word_1_242' title='bbox 429 3079 492 3134; x_wconf 84' lang='lat' dir='ltr'><strong>fore</strong></span> <span class='ocrx_word' id='word_1_243' title='bbox 506 3078 645 3146; x_wconf 85' lang='lat' dir='ltr'><strong>ducebat,</strong></span> <span class='ocrx_word' id='word_1_244' title='bbox 662 3078 767 3134; x_wconf 88' lang='lat' dir='ltr'><strong>eadem</strong></span> <span class='ocrx_word' id='word_1_245' title='bbox 779 3079 957 3152; x_wconf 88' lang='lat' dir='ltr'><strong>regreditur,</strong></span> <span class='ocrx_word' id='word_1_246' title='bbox 975 3096 1033 3135; x_wconf 92' lang='lat' dir='ltr'><strong>non</strong></span> 
     </span>
     <span class='ocr_line' id='line_1_37' title="bbox 157 3157 1035 3230; baseline 0.008 -22"><span class='ocrx_word' id='word_1_247' title='bbox 157 3159 278 3221; x_wconf 86' lang='lat' dir='ltr'><strong>temere,</strong></span> <span class='ocrx_word' id='word_1_248' title='bbox 295 3157 340 3213; x_wconf 91' lang='lat' dir='ltr'><strong>uti</strong></span> <span class='ocrx_word' id='word_1_249' title='bbox 360 3157 566 3222; x_wconf 88' lang='lat' dir='ltr'><strong>adscenderat,</strong></span> <span class='ocrx_word' id='word_1_250' title='bbox 583 3157 634 3213; x_wconf 83' lang='lat' dir='ltr'><strong>sed</strong></span> <span class='ocrx_word' id='word_1_251' title='bbox 651 3164 803 3230; x_wconf 84' lang='lat' dir='ltr'><strong>temptans</strong></span> <span class='ocrx_word' id='word_1_252' title='bbox 819 3159 922 3214; x_wconf 87' lang='lat' dir='ltr'><strong>omnia</strong></span> <span class='ocrx_word' id='word_1_253' title='bbox 936 3164 966 3215; x_wconf 90' lang='lat' dir='ltr'><strong>et</strong></span> <span class='ocrx_word' id='word_1_254' title='bbox 980 3159 1035 3215; x_wconf 91' lang='lat' dir='ltr'><strong>cir·</strong></span> 
     </span>
     <span class='ocr_line' id='line_1_38' title="bbox 158 3232 1034 3310; baseline 0.01 -24"><span class='ocrx_word' id='word_1_255' title='bbox 158 3233 368 3305; x_wconf 88' lang='lat' dir='ltr'><strong>cumspiciens.</strong></span> <span class='ocrx_word' id='word_1_256' title='bbox 412 3236 520 3308; x_wconf 87' lang='lat' dir='ltr'><strong>Itaque</strong></span> <span class='ocrx_word' id='word_1_257' title='bbox 553 3232 680 3290; x_wconf 87' lang='lat' dir='ltr'><strong>Marium</strong></span> <span class='ocrx_word' id='word_1_258' title='bbox 709 3253 838 3310; x_wconf 90' lang='lat' dir='ltr'><strong>propere</strong></span> <span class='ocrx_word' id='word_1_259' title='bbox 868 3237 940 3307; x_wconf 89' lang='lat' dir='ltr'><strong>adit,</strong></span> <span class='ocrx_word' id='word_1_260' title='bbox 966 3244 1034 3295; x_wconf 88' lang='lat' dir='ltr'><strong>acta</strong></span> 
     </span>
     <span class='ocr_line' id='line_1_39' title="bbox 158 3309 1031 3388; baseline 0.013 -25"><span class='ocrx_word' id='word_1_261' title='bbox 158 3309 272 3378; x_wconf 85' lang='lat' dir='ltr'><strong>edocet,</strong></span> <span class='ocrx_word' id='word_1_262' title='bbox 289 3311 436 3380; x_wconf 85' lang='lat' dir='ltr'><strong>hortatur,</strong></span> <span class='ocrx_word' id='word_1_263' title='bbox 453 3314 491 3370; x_wconf 89' lang='lat' dir='ltr'><strong>ab</strong></span> <span class='ocrx_word' id='word_1_264' title='bbox 505 3330 542 3368; x_wconf 90' lang='lat' dir='ltr'><strong>ea</strong></span> <span class='ocrx_word' id='word_1_265' title='bbox 556 3319 650 3385; x_wconf 88' lang='lat' dir='ltr'><strong>parte,</strong></span> <span class='ocrx_word' id='word_1_266' title='bbox 667 3333 726 3387; x_wconf 85' lang='lat' dir='ltr'><strong>qua</strong></span> <span class='ocrx_word' id='word_1_267' title='bbox 741 3315 807 3388; x_wconf 90' lang='lat' dir='ltr'><strong>ipse</strong></span> <span class='ocrx_word' id='word_1_268' title='bbox 823 3317 1031 3388; x_wconf 90' lang='lat' dir='ltr'><strong>adscenderat,</strong></span> 
     </span>
     <span class='ocr_line' id='line_1_40' title="bbox 158 3388 1036 3471; baseline 0.013 -29"><span class='ocrx_word' id='word_1_269' title='bbox 158 3388 316 3445; x_wconf 73' lang='lat' dir='ltr'><strong>castellum</strong></span> <span class='ocrx_word' id='word_1_270' title='bbox 341 3397 488 3464; x_wconf 89' lang='lat' dir='ltr'><strong>temptet;</strong></span> <span class='ocrx_word' id='word_1_271' title='bbox 508 3389 670 3464; x_wconf 87' lang='lat' dir='ltr'><strong>pollicetur</strong></span> <span class='ocrx_word' id='word_1_272' title='bbox 694 3411 761 3449; x_wconf 90' lang='lat' dir='ltr'><strong>sese</strong></span> <span class='ocrx_word' id='word_1_273' title='bbox 784 3394 901 3451; x_wconf 89' lang='lat' dir='ltr'><strong>itineris</strong></span> <span class='ocrx_word' id='word_1_274' title='bbox 920 3397 1036 3471; x_wconf 84' lang='lat' dir='ltr'><strong>pericu-</strong></span> 
     </span>
    </p>
   </div>
   <div class='ocr_carea' id='block_1_3' title="bbox 0 0 1168 3718">
    <p class='ocr_par' dir='ltr' id='par_1_5' title="bbox 0 0 1168 3718">
     <span class='ocr_line' id='line_1_41' title="bbox 0 0 1168 3718; baseline 0 0"><span class='ocrx_word' id='word_1_275' title='bbox 0 0 1168 3718; x_wconf 95' lang='lat' dir='ltr'><strong> </strong></span> 
     </span>
    </p>
   </div>
   <div class='ocr_carea' id='block_1_4' title="bbox 1133 3417 1155 3702">
    <p class='ocr_par' dir='ltr' id='par_1_6' title="bbox 1086 3159 1155 3702">
     <span class='ocr_line' id='line_1_42' title="bbox 1133 3417 1155 3702; baseline 0 0"><span class='ocrx_word' id='word_1_276' title='bbox 1133 3417 1155 3702; x_wconf 72' lang='grc'>1</span> 
     </span>
    </p>
   </div>
  </div>
 </body>
</html>
