2322 3718
310 137 357 184 nn
383 133 673 198 conresurrosn
699 133 917 182 carrarum.
1016 120 1077 182 123

147 293 293 370 Tempus
309 294 383 366 dice,
400 293 529 363 fortuna,
545 292 631 366 cujus
646 291 750 349 lubido
765 292 908 366 gentibus
922 295 1023 352 mode-

146 380 242 432 ratur.
286 374 354 432 Illis
377 373 486 430 merito
502 373 625 442 accidet,
642 372 789 447 quidquid
805 374 958 446 evenerit3
980 393 1024 432 ce-

146 461 249 512 terum
264 471 327 525 vos,
343 460 446 530 patres
460 452 632 527 conscripti,
644 453 717 527 quid
732 453 763 508 in
779 453 854 509 alios
867 456 1022 524 statuatis,

146 535 347 593 considerate.
392 533 502 592 Omnia
523 532 604 591 mala
623 533 761 608 exempla
774 550 812 590 ex
831 534 920 592 rebus
935 535 1024 592 bonis

146 622 217 674 orta
228 621 314 688 sunt;
336 615 389 672 sed
399 614 451 671 ubi
465 613 624 688 imperium
634 614 672 671 ad
682 613 807 688 ignaros
816 614 898 672 cives
909 617 1024 674 autmi-
1058 619 1076 675 5

145 713 205 754 nus
218 697 314 753 bonos
328 695 474 770 pervenit,
483 711 596 752 novum
608 695 683 752 illud
692 696 862 770 exemplum
876 696 915 754 ab
924 697 1027 772 dignis

145 783 179 834 et
201 776 317 833 idoneis
337 777 376 834 ad
399 776 543 850 indignos
565 782 597 833 et
616 793 676 833 non
691 777 818 834 idoneos
834 777 1021 836 transfertur.

146 857 383 915 Lacedaemonii
395 856 527 914 devictis
543 855 789 916 Atheniensibus
800 856 929 932 triginta
940 858 1023 916 viros

144 939 326 1014 imposuere,
339 937 392 1014 qui
406 955 468 996 rem
482 938 634 1014 publicam
648 955 752 995 eorum
763 943 936 998 tractarent.
975 938 1023 995 'Hi

144 1020 243 1094 primo·
258 1036 382 1094 coepere
397 1036 574 1094 pessumum
593 1036 742 1094 quemque
768 1025 799 1075 et
817 1019 957 1075 omnibus
982 1020 1025 1075 in·
1041 1019 1076 1076 10

145 1099 249 1156 visum
268 1100 478 1157 indemnatum
498 1117 613 1157 necare.
656 1098 703 1157 Ea
717 1099 847 1174 populus
866 1099 973 1156 laetari
993 1104 1024 1156 et

145 1180 257 1238 merito
271 1181 370 1238 dicere
392 1180 463 1238 fieri.
508 1180 584 1237 Post
598 1179 651 1236 nbi
664 1179 813 1253 paulatim
828 1179 950 1236 licentia
964 1198 1024 1237 cre-

145 1261 202 1330 vit,
214 1262 301 1336 juxta
316 1261 454 1318 bonoe'et
467 1261 565 1318 malos
579 1259 749 1317 lubidinose
763 1259 937 1330 interficere,
948 1266 1024 1317 cete-

145 1357 198 1398 ros
228 1347 312 1398 metu
339 1346 471 1398 terrere:
494 1341 538 1397 ita
561 1341 671 1398 civitas
700 1339 848 1397 servitute
878 1357 1024 1414 oppressa

146 1421 261 1478 stultae
283 1421 420 1478 laetitiae
442 1438 553 1496 graves
567 1437 683 1496 poenas
699 1420 791 1477 dedit.
835 1419 950 1476 Nostra
965 1438 1024 1477 me·
1040 1423 1075 1480 15

145 1501 243 1558 moria
259 1502 354 1559 victor
379 1500 465 1558 Sulla
482 1518 550 1558 cum
570 1500 791 1576 Damasippum
815 1504 845 1556 et
868 1500 945 1557 alios
959 1503 1023 1575 ejus

146 1581 299 1657 modi,qui
309 1581 588 1656 maloreipublicae
601 1585 767 1652 creverant,
779 1580 913 1654 jugulari
920 1581 1021 1654 jussit,

146 1661 217 1736 quis
232 1680 292 1719 non
306 1663 421 1719 factum
432 1665 496 1736 ejus
507 1658 673 1718 laudabat?
717 1660 866 1718 Homines
877 1661 1023 1720 scelestos

116 1798 119 1801 .
147 1746 180 1798 et
194 1741 347 1812 factiosos,
363 1741 416 1816 qui
431 1741 631 1798 seditionibus
646 1741 875 1816 rempublicam
891 1743 1025 1816 exagita-

147 1827 262 1892 verant,
273 1823 380 1879 merito
390 1827 514 1880 necatos
530 1821 659 1878 aiebant.
704 1820 764 1878 Sed
778 1839 815 1878 ea
829 1839 877 1878 res
893 1840 1022 1896 magnae
1039 1823 1076 1878 20

147 1901 271 1959 initium
285 1901 381 1958 cladis
402 1901 468 1960 suit.
511 1901 542 1958 N
545 1920 593 1958 am
613 1901 658 1958 uti
679 1902 807 1976 quisque
822 1902 946 1958 domurn
970 1908 1023 1960 aut

147 1981 261 2052 villam,
277 1987 429 2057 postremo
445 2000 500 2039 vas
515 1987 569 2039 aut
583 1982 800 2039 vestimentum
816 1982 942 2056 alicujus
958 2001 1024 2041 con-

148 2062 313 2137 cupiverat,
336 2063 430 2119 dabat
457 2080 589 2138 operam,
612 2067 647 2119 ut
676 2061 703 2119 is
727 2062 759 2118 in
786 2063 1023 2137 proscriptorum

148 2159 273 2198 numero
301 2148 390 2200 esset.
434 2143 485 2200 Ita
513 2143 566 2214 illi,
592 2143 703 2218 quibus
731 2139 913 2217 Damasippi
941 2161 1023 2200 mors

135 2221 282 2280 vlaetitiae
297 2222 404 2294 fuerat,
420 2223 511 2300 paulo
526 2227 597 2299 post
611 2222 672 2298 ipsi
686 2221 884 2280 trahebantur
897 2244 903 2296 ;
926 2242 1022 2298 neque
1039 2224 1075 2279 25

147 2301 230 2376 prius
252 2301 320 2360 finis
343 2304 506 2377 jugulandi
529 2304 587 2360 fuit
609 2321 700 2379 quarn
718 2302 802 2360 Sulla
824 2321 929 2359 omnes
951 2322 1023 2361 suos

147 2382 265 2439 divitiis
279 2383 420 2458 explevit.
463 2384 567 2459 Atque
583 2401 639 2458 ego
654 2382 728 2439 haec
743 2399 803 2439 non
821 2382 852 2439 in
865 2383 907 2440 M.
923 2384 1023 2441 Tullio

147 2480 244 2537 neque
260 2461 308 2520 his
324 2464 512 2539 temporibus
527 2481 641 2534 vereor,
658 2463 756 2521 sedin
771 2481 884 2537 magna
899 2464 1023 2522 civitate

147 2543 244 2600 multa
263 2545 394 2600 etruria
413 2545 536 2618 ingenia
557 2550 635 2602 sunt.
681 2544 788 2601 Potest
805 2543 863 2600 aiio
877 2549 1022 2619 ternpore,

148 2623 208 2680 alio
223 2623 356 2696 consule,
371 2625 417 2682 cui
434 2624 507 2681 item
523 2625 673 2682 exercitus
687 2624 717 2681 in
732 2642 825 2680 manu
850 2624 899 2696 sit,
916 2625 1024 2683 salsum
1040 2627 1077 2683 30

148 2703 265 2778 aliquid
279 2721 333 2779 pro
349 2723 421 2762 vero
436 2706 534 2778 credi;
556 2705 606 2762 ubi
622 2704 679 2762 hoc
687 2705 824 2780 exemplo
838 2723 892 2781 per
900 2713 1024 2763 senatus

148 2784 301 2841 decretum
323 2785 428 2842 consul
450 2785 588 2860 gladium
610 2784 754 2854 eduxerit,
778 2785 848 2861 quis
868 2786 913 2842 illi
935 2785 1024 2844 finem

148 2869 266 2922 statuet
280 2870 333 2921 aut
347 2866 415 2940 quis
435 2862 666 2922 moderabitur?
707 2864 840 2939 MaJores
855 2867 960 2936 nostri,
975 2886 1025 2942 pa-

148 2948 211 3000 tres
238 2945 409 3020 conscripti,
430 2963 527 3020 neque
549 2945 655 3002 consili
678 2962 775 3020 neque
797 2946 940 3003 audaciae
963 2965 1024 3003 um-

147 3042 240 3099 quam
268 3042 386 3098 eguere,
410 3044 506 3100 neque
534 3025 594 3082 illis
623 3025 763 3099 superbia
791 3026 940 3096 obstabat,
965 3047 1024 3102 quo
1040 3029 1076 3085 35

147 3105 249 3162 minus
271 3105 370 3162 al'ena
390 3105 540 3176 instituta,
557 3106 687 3164 simodo
707 3107 803 3182 proba
817 3114 912 3178 erant,
927 3108 1025 3165 imita-

147 3123 400 3244 renturfflma
420 3192 509 3262 atque
524 3187 586 3244 tela
605 3187 750 3244 militaria
766 3187 804 3244 ab
825 3186 1022 3258 Samnitibus

148 3265 284 3340 insignia
306 3267 542 3340 magistratuum
558 3267 595 3325 ab
611 3265 719 3324 Tuscis
734 3267 876 3343 pleraque
891 3285 1025 3344 sumpse·

147 3351 238 3420 runt3
259 3351 412 3422 postremo
427 3348 508 3422 quod
522 3348 633 3423 ubique
643 3348 723 3422 apud
738 3348 837 3405 socios
852 3353 905 3404 aut
920 3347 1024 3405 hostes
