2346 3718
373 136 402 182 e.
418 121 595 182 sannusrr
621 134 743 182 cnrsrr

150 295 248 362 rebus,
264 293 295 350 in
316 293 397 350 diem
423 293 547 350 tertium
570 294 769 363 constituunt,
786 293 909 368 quodie
931 294 1029 350 festus

150 375 378 448 celebratusque
399 391 589 446 peromnem
611 374 747 431 Africam
766 373 870 430 ludum
891 381 922 430 et
943 374 1031 430 lasci-

147 455 231 510 viam
248 455 346 527 magis
357 471 447 527 quam
463 454 654 510 formidinem
671 455 853 510 ostentabat.
899 453 960 510 Sed
976 454 1029 509 ubi

149 539 270 608 tenipus
286 534 351 603 fuit,
360 535 552 591 centuriones
566 535 764 609 tribunosque
780 534 927 590 militares
938 541 970 590 et
986 535 1030 608 ip-

116 618 133 674 5
151 633 217 671 sum
233 613 417 689 praefectum
437 615 541 690 oppidi
554 615 586 672 T.
597 614 765 689 Turpilium
783 613 931 683 Silanum,
950 615 1029 670 alius

150 696 243 750 alium
254 694 359 750 domos
369 711 441 750 suas
453 695 601 767 invitant,
613 713 665 751 eos
675 712 780 752 ornnes
790 703 910 768 praeter
921 693 1030 769 Turpi-

149 775 222 830 lium
233 775 312 830 inter
320 775 425 848 epulas
436 775 634 848 obtruncant;
645 782 753 850 postea
764 775 877 832 milites
887 775 1030 850 palantes

149 856 289 922 inermos,
301 855 411 929 quippe
427 855 458 912 in
473 854 527 911 tali
544 856 591 911 die
608 874 641 912 ac
658 856 722 912 sine
738 855 871 928 imperio,
890 856 1031 929 aggredi-

146 946 245 993 untur.
269 935 352 991 Idem
363 935 467 1010 plebes
478 935 557 1005 facit,
565 953 636 1010 pars
646 935 745 992 edocti
756 936 794 991 ab
805 935 1030 1006 nobilitate,alii

97 1019 133 1074 10
149 1015 360 1072 studiotaliunr
370 1015 602 1086 rerumincitati,
610 1016 677 1090 quis
685 1016 1031 1090 actaconsiliumqueig-

148 1095 484 1152 norantibustumultus
493 1096 556 1170 ipse
566 1103 597 1152 et
605 1113 652 1153 res
663 1114 759 1152 novae
771 1097 847 1153 satis
855 1097 1027 1172 placebant.

191 1179 234 1235 67.
260 1176 393 1232 Romani
409 1175 529 1245 milites,
540 1177 705 1250 improviso
721 1184 804 1232 metu
820 1177 927 1234 incerti
942 1178 1028 1251 igna

150 1257 243 1331 rique,
252 1256 323 1331 quid
332 1255 536 1330 potissumum
545 1257 686 1326 facerent,
695 1257 863 1332 trepidare:
881 1258 919 1314 ad
928 1276 1028 1314 arcem

149 1338 262 1412 oppidi,
271 1337 320 1392 ubi
336 1337 426 1411 signa
435 1343 465 1393 et
476 1343 561 1394 scuta
569 1345 664 1406 eraut,
676 1337 862 1412 praesidium
873 1338 1007 1394 hostium
1020 1359 1027 1411 ;

98 1420 132 1474 15
148 1425 251 1493 portae
278 1424 348 1473 ante
370 1417 490 1473 clausae
512 1416 618 1491 fugam
640 1418 849 1492 prohibebant.
894 1419 944 1475 Ad
969 1419 1026 1475 boc

149 1498 291 1556 mulieres
312 1499 456 1572 puerique
479 1499 644 1571 protectis
667 1497 873 1554 aedificiorum
900 1515 974 1555 saxa
995 1506 1027 1556 et

150 1579 219 1647 alia,
236 1596 313 1654 quae
335 1577 420 1634 locus
442 1578 614 1652 praebebat,
638 1579 777 1635 certatim
804 1578 933 1634 mittere.
976 1580 1027 1636 Ita

150 1678 247 1734 neque
277 1658 375 1714 caveri
407 1675 517 1733 anceps
541 1659 655 1715 malum
681 1676 778 1734 neque
801 1678 819 1714 a
840 1659 1026 1716 fortissumis

151 1739 365 1796 infirmissumo
387 1738 490 1812 generi
512 1740 614 1796 resisti
636 1756 744 1814 posse,
762 1741 851 1813 juxta
872 1740 944 1796 boui
966 1759 1028 1796 ma-

97 1823 134 1878 20
151 1821 239 1896 lique,
257 1819 369 1875 strenui
392 1824 424 1874 et
443 1819 580 1876 imbelles
601 1820 888 1876 inultiobtruncari.
933 1821 969 1877 In
990 1839 1028 1876 ea

150 1906 237 1956 tanta
266 1901 437 1975 asperitate,
462 1901 659 1957 saevissumis
688 1899 830 1956 Numidis
845 1907 889 1960 vet
916 1901 1027 1976 oppido

151 1981 282 2056 undique
297 1980 409 2048 clauso,
428 1979 583 2054 Turpilius
598 1982 770 2054 praefectus
786 1998 864 2036 unus
879 1999 917 2037 ex
932 1981 1027 2038 omni-

149 2062 207 2118 bus
228 2061 345 2118 Italicis
375 2061 508 2116 intactus
537 2061 678 2134 profugit.
723 2060 760 2117 Id
783 2061 1027 2118 misericordiane

151 2141 290 2216 hospitis,
308 2159 347 2196 au
368 2141 508 2214 pactione
531 2146 584 2196 aut
599 2159 672 2198 casu
692 2141 737 2196 ita
757 2142 901 2209 evenerit,
919 2159 1027 2215 parum

97 2224 132 2278 25
150 2221 367 2296 comperimus:
397 2221 464 2291 nisi,
488 2223 560 2296 quia
587 2221 632 2277 illi
661 2221 693 2276 iu
713 2227 800 2277 tanto
823 2221 903 2276 malo
927 2223 1027 2294 turpis

152 2304 215 2359 vita
227 2303 346 2376 integra
362 2301 444 2358 fama
459 2303 559 2377 potior
573 2302 639 2374 fuit,
656 2301 813 2378 improbus
828 2301 1027 2358 intestabilis·

149 2402 207 2458 que
222 2383 348 2439 videtur.

190 2467 234 2521 68.
259 2463 411 2532 Metellae,
423 2468 585 2538 postquam
596 2463 632 2519 de
646 2463 736 2520 rebus
747 2463 855 2536 Vagae
865 2463 941 2519 actis
951 2481 1029 2519 com·

149 2543 236 2618 perit,
254 2543 407 2618 paulisper
422 2551 558 2599 maestus
580 2561 617 2599 ex
637 2551 800 2620 conspectu
823 2543 894 2601 abit.
938 2544 1029 2600 Dein-

97 2628 134 2682 30
149 2624 185 2681 de
202 2625 253 2680 ubi
269 2624 314 2680 ira
328 2629 359 2680 et
375 2624 532 2697 aegritudo
543 2625 694 2699 permixta
709 2631 788 2689 sunt,
802 2642 869 2680 cum
883 2642 1028 2680 maxuma

150 2723 222 2762 cura
247 2705 344 2760 ultum
367 2704 409 2760 ire
434 2704 560 2778 injurias
585 2704 718 2762 festinat.
767 2704 942 2776 Legionem,
959 2723 1027 2761 eum

150 2804 210 2859 qua
230 2785 394 2852 hiemabat,
411 2790 442 2841 et
464 2803 554 2858 quam
576 2785 733 2860 plurumos
752 2791 854 2860 potest
877 2784 1028 2842 Numidas

150 2867 268 2940 equites
294 2865 407 2940 pariter
427 2883 492 2921 cum
516 2883 622 2922 occasu
647 2865 719 2921 solis
740 2865 897 2938 expeditos
918 2865 1026 2936 educit,

151 2953 181 3004 et
208 2953 330 3021 postera
351 2946 398 3002 die
423 2945 539 3002 circiter
564 2945 667 3002 horam
691 2946 811 3002 tertiam
836 2947 975 3020 pervenit
997 2947 1028 3001 in

98 3029 135 3084 35
152 3027 307 3102 quandam
337 3025 505 3100 planitiem,
528 3025 602 3081 loeis
623 3026 713 3100 paulo
742 3026 948 3100 superioribus
976 3027 1029 3082 cir-

151 3113 352 3163 cumventam.
396 3105 442 3162 Ibi
459 3105 572 3161 milites
583 3105 679 3162 fessos
690 3106 807 3162 itineris
817 3106 1026 3180 magnitudine

152 3189 266 3259 etjam
293 3185 459 3241 abnuentes
489 3185 591 3241 omnia
618 3186 713 3251 docet,
740 3186 885 3260 oppidum
906 3185 1027 3258 Vagam

153 3283 213 3324 nou
242 3265 373 3339 amplius
401 3264 483 3321 mille
512 3282 657 3339 passuum
680 3266 801 3322 abesse:
831 3266 936 3322 decere
959 3266 1028 3322 illos

153 3345 301 3418 reliquum
314 3343 448 3401 laborem
460 3362 556 3419 aequo
567 3344 667 3399 animo
677 3345 750 3419 pati,
762 3346 832 3401 dum
844 3364 897 3421 pro
908 3347 1028 3403 civibus

1141 3419 1158 3664 ,
