2346 3718
376 183 423 230 Dlll
451 181 574 229 BELLO
599 175 860 227 JUGUR'PHINO.
1038 159 1078 222 19

147 351 219 404 ante
234 343 290 402 hos
311 349 351 412 te,
369 343 389 401 J
392 340 534 417 ugurtha,
551 339 602 412 qui
618 343 718 404 aetate
733 342 765 394 et
779 336 930 410 sapientia
945 335 1026 409 prior

147 446 189 497 eS,
207 443 245 482 ue
261 425 350 482 aliter
364 423 436 498 quid
448 421 579 486 eveniat,
590 418 749 494 providere
759 417 851 473 decet.
897 415 925 472 N
929 433 978 471 am
994 415 1025 470 in

149 506 232 564 omni
257 504 421 562 certamine
437 500 489 577 qui
512 499 684 573 opulentior
699 505 755 565 est,
772 496 893 552 etiamsi
916 496 1026 569 accipit

149 587 300 661 injuriam,
325 590 428 641 tamen
451 581 525 656 quia
548 579 617 652 plus
640 584 750 651 potest,
775 576 871 633 facere
898 575 1025 633 videtur.

152 669 217 724 Vos
232 675 343 735 autem,
357 661 513 722 Adherbal
528 667 560 716 et
577 657 744 732 Hiempsal,
756 657 854 726 colite,
867 656 1027 713 observate
1062 658 1079 713 5

149 747 245 806 talem
261 746 341 803 hunc
353 745 459 813 virum,
471 739 634 797 imitamini
656 739 802 794 virtutem
821 745 852 794 et
867 737 1025 805 enitimini,

149 846 187 884 ne
216 844 274 901 ego
302 825 442 882 meliores
471 822 581 878 liberos
610 818 778 893 sumpsisse
802 817 906 874 videar
935 834 1027 892 quam

150 907 324 983 genuisse.'’

194 990 239 1045 ll.
262 986 314 1045 Ad
328 1004 365 1043 ea
378 986 400 1044 ,J
403 982 545 1058 ugurtha,
555 979 680 1037 tametsi
690 997 793 1054 regem
809 977 879 1035 ficta
893 978 1028 1034 locutum

150 1067 340 1144 intelligebat
362 1074 393 1123 et
421 1065 485 1140 ipse
514 1063 603 1134 longe
632 1060 721 1116 aliter
749 1060 850 1116 auimo
879 1059 1027 1132 agitabat,
1047 1060 1082 1116 10

150 1155 256 1206 tamen
283 1165 338 1222 pro
365 1153 501 1219 ternpore
531 1141 660 1214 benigne
690 1140 854 1216 respondit.
898 1138 1029 1214 Micipsa

150 1229 258 1304 paucis
279 1226 471 1303 postdiebus
500 1222 636 1279 moritur.
681 1220 848 1295 Postquam
874 1219 918 1275 illi
947 1235 1029 1275 more

150 1309 238 1384 regio
255 1310 340 1382 justa
354 1303 512 1381 magnifice
528 1303 670 1371 fecerant,
688 1301 786 1375 reguli
807 1301 837 1356 in
854 1318 948 1356 unum
964 1317 1031 1356 con-

152 1393 310 1458 venerunt,
326 1393 360 1444 ut
386 1387 465 1443 inter
488 1401 519 1440 se
540 1383 577 1440 de
597 1383 715 1439 cunctis
734 1380 867 1454 negotiis
882 1381 1031 1454 discepta-

151 1475 228 1527 rent.
273 1468 332 1527 Sed
357 1464 526 1539 Hiempsal,
551 1463 602 1537 qui
626 1463 781 1518 minumus
805 1478 844 1517 ex
866 1460 926 1517 illis
954 1468 1028 1530 erat,
1047 1463 1082 1520 15

151 1555 262 1608 natura
276 1549 360 1606 ferox
373 1555 404 1605 et
413 1548 479 1621 jam
494 1549 584 1601 antea
600 1543 826 1617 ignobilitatem
842 1541 863 1599 J
867 1541 1027 1615 ugurtbae,

151 1631 226 1706 quia
247 1636 384 1686 materno
399 1644 508 1702 genere
524 1625 623 1698 impar
637 1630 712 1693 erat,
729 1623 906 1698 despiciens
924 1622 1032 1679 dextra

151 1709 359 1768 Adherbalem
384 1707 512 1774 adsedit,
539 1722 576 1760 ne
605 1704 723 1761 medius
748 1722 785 1762 ex
814 1703 920 1775 tribus,
949 1705 1030 1780 quod

152 1791 233 1866 apud
246 1790 274 1847 N
277 1789 396 1846 umidas
405 1786 511 1854 honori
523 1784 652 1855 ducitur,
660 1784 681 1842 J
684 1784 817 1859 ugurtha
828 1785 913 1842 foret.
952 1786 1031 1842 Dein

151 1877 256 1928 tamen
278 1877 312 1927 ut
334 1869 428 1927 aetati
448 1865 625 1925 concederet
646 1865 793 1940 fatigatus
818 1884 836 1923 a
860 1866 962 1935 fratre,
980 1867 1031 1924 vix
1047 1870 1084 1926 ab

152 1951 186 2008 iu
200 1956 316 2026 partem
332 1950 458 2007 alteram
474 1945 672 2004 transductus
686 1953 741 2003 est.
787 1947 835 2005 Ibi
852 1965 919 2004 cum
934 1948 1032 2005 multa

153 2031 191 2088 de
220 2030 462 2089 administrando
490 2025 616 2101 imperio
651 2027 844 2099 dissererent,
875 2027 896 2086 J
900 2029 1033 2102 ugurtha

152 2112 232 2169 inter
255 2111 332 2168 alias
355 2128 403 2167 res
423 2109 507 2184 jacit,
524 2112 662 2181 oportere
679 2109 869 2183 quinquenni
892 2110 1032 2167 consulta

153 2200 184 2248 et
199 2191 320 2249 decreta
332 2191 433 2248 omnia
446 2187 594 2247 rescindi:
618 2205 689 2245 narn
704 2207 757 2264 per
768 2208 805 2246 ea
819 2195 957 2266 tempora
966 2208 1034 2248 con-

153 2270 908 2346 fectumanuisMicipsamparumanimovaluisse.
953 2270 1031 2327 Turn
1049 2273 1086 2329 25

126 2407 128 2412 ,
155 2352 236 2409 idern
253 2351 413 2427 Hiempsal
438 2351 556 2426 placere
572 2347 630 2404 sibi
647 2350 820 2426 respoudit:
844 2369 914 2408 narn
931 2350 1031 2424 ipsum

155 2433 241 2489 illum
257 2433 354 2489 tribus
368 2430 524 2508 proxumis
541 2429 629 2486 annis
646 2431 843 2506 adoptatione
859 2432 889 2488 in
905 2450 1033 2506 regnum

153 2513 338 2588 pervenisse.
383 2512 471 2586 Quod
499 2509 626 2566 verbum
661 2512 692 2567 iu
725 2519 831 2586 pectus
859 2511 1034 2587 Jugurthae

154 2594 247 2651 altius
263 2611 353 2668 quam
369 2593 530 2667 quisquam
546 2595 633 2647 ratus
644 2592 882 2650 eratdescendit.
927 2594 1034 2668 ltaque

154 2692 192 2731 ex
216 2691 252 2730 eo
275 2681 410 2748 tempore
432 2673 478 2729 ira
500 2676 532 2728 et
557 2677 640 2728 metu
667 2673 777 2730 anxius
799 2673 908 2738 moliri,
926 2691 1033 2749 parare
1049 2676 1086 2732 30

156 2761 248 2828 atque
264 2771 301 2810 ea
315 2753 404 2811 modo
420 2771 487 2811 cum
504 2750 606 2807 auimo
618 2752 736 2823 habere,
748 2753 858 2828 quibus
874 2753 1034 2828 Hiempsal

154 2851 206 2909 per
231 2833 333 2891 dolum
349 2839 513 2908 caperetur.
560 2829 645 2902 Quae
661 2834 714 2890 ubi
729 2834 847 2891 tardius
868 2834 1035 2909 procedunt

155 2931 253 2988 neque
281 2913 392 2970 lenitur
421 2914 540 2972 animus
566 2911 658 2984 ferox,
682 2914 791 2972 statuit
811 2915 922 2989 quovis
945 2914 1034 2971 modo

154 2994 308 3068 inceptum
323 2994 473 3068 perlicere.

196 3075 242 3131 12.
266 3072 369 3131 Primo
398 3080 560 3144 conventu,
591 3091 681 3150 quem
711 3074 749 3131 ab
777 3075 891 3149 regulis
921 3074 1035 3131 factum
1052 3076 1089 3132 35

155 3171 248 3229 supra
276 3155 451 3222 memoravi,
481 3160 604 3230 propter
632 3154 855 3212 dissensionem
880 3155 1037 3228 placuerat

156 3234 254 3292 dividi
277 3234 440 3292 thesauros
456 3234 590 3310 finesque
606 3235 716 3309 imperi
733 3235 864 3308 singulis
879 3235 1031 3292 constitui.

155 3315 265 3389 Itaque
280 3319 401 3389 tempus
417 3314 455 3372 ad
466 3321 626 3390 utramque
642 3333 706 3371 reru
720 3316 899 3382 decernitur,
913 3315 965 3370 sed
977 3332 1038 3369 ma-

154 3395 253 3452 turius
269 3395 306 3452 ad
324 3395 483 3470 pecuniam
500 3394 751 3452 distribuendam.
796 3393 908 3467 Reguli
922 3394 1038 3448 interea
