2322 3718
263 129 310 176 ns
336 126 627 176 corrueremus
654 125 874 174 6611111111.
1003 110 1065 173 119

129 293 271 345 catarum
285 288 322 345 (16
338 286 551 361 conjuratione,
565 287 591 344 si
607 286 681 344 [ides
695 286 818 361 publica
832 285 905 342 data
919 288 1010 355 66661,

131 369 238 441 jussus
265 367 429 424 6661161116
452 385 529 442 quac
553 368 643 424 sciret
671 367 795 436 edicere,
818 366 925 422 eadem
950 365 1010 422 lere

131 465 210 522 quae
226 447 414 518 Volturcius,
431 447 467 504 de
491 448 608 521 paratis
629 447 786 516 incendiis,
803 447 841 503 (16
856 445 947 502 caede
962 445 1012 501 bo

130 545 249 598 norum,
261 528 298 585 de
312 527 419 584 itinere
430 526 563 584 hostium
575 533 716 584 senatum
726 527 814 584 docet
826 547 833 599 ;
854 531 1012 602 praeterea

131 625 164 664 66
180 609 308 663 missum
323 625 341 664 6
356 605 399 662 M.
416 606 537 678 Crasse,
553 607 607 682 qui
623 607 777 666 Catilinae
793 607 955 676 nuntiaret,
971 624 1009 663 ne
1044 609 1062 665 5

130 705 203 744 eum
224 686 375 744 Lentulus
397 691 429 744 et
444 686 600 760 Cethegus
620 687 732 761 aliique
746 705 784 744 ex
803 685 1011 759 conjuratione

131 766 311 842 deprehensi
326 772 482 836 terrerent,
497 784 593 842 eoque
606 767 706 842 magis
720 772 896 842 properaret
911 766 950 823 ad
964 783 1010 823 111-

132 847 202 904 bem
222 848 373 918 accedere,
388 864 447 922 quo
464 852 496 904 61
510 853 678 905 ceterorum
698 847 816 903 animos
831 846 965 903 reficeret
979 849 1011 903 et

132 927 177 983 illi
192 927 312 984 facilius
326 945 342 984 e
357 926 492 1001 periculo
507 927 710 1003 eriperentur.¹
746 926 805 985 Sed
819 926 873 983 ubi
885 925 1010 1001 Tarqui-

131 1008 203 1064 nius
219 1006 365 1065 Crassum
385 1007 564 1078 nominavit,
581 1007 734 1064 hominem
750 1007 891 1077 nobilem,
907 1010 1062 1064 manu-10

131 1086 192 1143 mis
207 1087 333 1157 (11111116,
350 1104 472 1144 6111111116
486 1087 632 1161 potentia,
649 1086 702 1144 alii
716 1105 781 1145 rem
802 1086 1009 1144 incredibilem

130 1167 201 1236 rati,
216 1183 287 1241 pars
308 1166 432 1224 tametsi
446 1184 552 1224 verum
567 1168 803 1238 existumabant,
818 1173 922 1224 tamen
936 1166 1010 1241 quia

130 1247 164 1303 in
188 1247 244 1303 tali
268 1252 401 1321 tempore
455 1254 509 1303 uta
523 1247 570 1304 vis
593 1247 727 1305 hominis
745 1248 845 1322 magis
864 1247 1027 1310 leniundar
1102 1241 1106 1259 '¹

130 1345 224 1402 quam
239 1297 609 1401 exagitandbnrdebatur,
625 1327 761 1402 plerique
778 1327 891 1386 Crasso
907 1344 945 1384 ex
958 1345 1008 1384 ne-

130 1406 227 1482 gotiis
248 1406 376 1480 privatis
398 1375 529 1477 obnoxii,
546 1407 737 1465 conclamant
754 1407 884 1464 iudicem
898 1407 1008 1464 falsum
1025 1408 1061 1465 15

129 1505 208 1556 esse,
223 1487 320 1561 deque
341 1504 378 1544 66
398 1504 430 1542 16
451 1487 610 1561 postulant
631 1487 677 1544 1111
698 1488 854 1545 referatur.
897 1487 1008 1561 Itaque

129 1567 307 1624 consulente
323 1566 468 1624 Cicerone
484 1566 625 1642 frequens
640 1573 765 1624 senatus
780 1567 922 1638 decernit,
935 1567 1008 1625 Tar-

129 1647 215 1722 quini
239 1645 384 1703 indicium
410 1646 522 1704 falsum
542 1647 647 1717 videri,
669 1665 798 1723 eumque
826 1647 857 1706 in
878 1648 1008 1705 vinculis

128 1727 331 1796 retinendum,
348 1743 444 1800 neque
466 1727 597 1802 amplius
617 1733 803 1801 potestatem
823 1728 1007 1800 faciundam,

129 1806 191 1863 nisi
206 1807 242 1864 de
258 1823 293 1862 eo
307 1805 465 1876 indicaret,
477 1809 562 1882 cujus
577 1807 701 1866 consilio
716 1813 834 1866 tantam
849 1826 913 1865 rem
927 1814 1009 1865 esset
1023 1811 1061 1866 20

127 1885 286 1943 mentitus.
330 1885 428 1943 Erant
447 1905 482 1943 eo
502 1893 648 1962 tempore,
663 1887 716 1962 qui
730 1889 952 1947 existumarent
965 1888 1009 1944 in·

129 1966 244 2024 dicium
258 1965 332 2023 illud
347 1967 409 2024 6Ρ.
419 1965 572 2024 Autronio
587 1965 805 2038 machinatum,
816 1986 876 2044 qno
889 1967 1008 2024 facilius

129 2046 285 2120 appellato
310 2044 423 2103 Crasso
447 2064 502 2121 per
525 2047 702 2104 societatem
726 2048 851 2124 periculi
875 2048 1008 2123 reliquos

128 2126 212 2183 illius
226 2127 363 2201 potentia
377 2131 501 2200 tegeret.
544 2127 608 2186 Alii
621 2126 819 2202 Tarquinium
831 2146 849 2184 a
864 2126 1007 2185 Cicerone

128 2205 303 2263 immissum
324 2204 454 2276 aiebant,
471 2223 509 2262 ne
525 2205 655 2264 Crassus
678 2225 760 2264 more
784 2224 850 2272 sno,
864 2212 1005 2280 suscepto
1022 2209 1059 2265 25

128 2286 280 2343 malorum
294 2285 537 2362 patrociniqrem
548 2287 701 2361 publicam
713 2287 914 2344 conturbaret.
958 2285 1007 2361 Ip

128 2383 198 2424 sum
215 2365 361 2423 Crassum
376 2382 433 2438 ego
447 2373 557 2440 postea
569 2367 795 2442 praedicantem
812 2366 926 2436 andivi,
942 2370 1007 2423 tan·

127 2451 195 2504 tarn
209 2445 292 2502 illam
307 2445 521 2502 contumeliam
537 2446 595 2502 sibi
611 2447 649 2504 ab
666 2446 810 2507 Cicerone
824 2447 1034 2522 impositam»
1061 2467 1065 2486 ⁴
1088 2467 1095 2488 ›

170 2528 216 2583 49.
241 2524 302 2582 Sed
318 2525 416 2582 isdem
432 2526 622 2599 temporibus
638 2527 672 2600 Q.
691 2526 821 2585 Catulus
834 2532 865 2583 et
882 2525 914 2584 C.
932 2525 1006 2583 Piso

127 2623 226 2680 neque
235 2605 373 2678 precibus
384 2623 481 2680 neque
493 2606 591 2679 pretio
603 2624 699 2682 neque
711 2607 820 2682 gratia,
829 2606 1004 2664 Ciceronem
1021 2610 1059 2666 30

127 2685 281 2760 impellere
296 2691 429 2758 potuere,
443 2685 486 2742 uti
500 2703 553 2760 per
565 2686 749 2762 Allobroges
764 2687 920 2744 eutalium
933 2686 1007 2743 indi-

127 2783 194 2829 cem
202 2765 235 2823 C.
244 2764 359 2822 Caesar
368 2764 446 2822 falso
456 2766 672 2824 nominaretur.
706 2767 788 2824 Nam
800 2771 924 2841 uterque
937 2783 1005 2823 cum

126 2846 179 2902 illo
206 2862 317 2919 graves
338 2845 514 2902 inimicitias
536 2847 729 2920 exercebant3
752 2847 826 2905 Piso
852 2863 1006 2922 oppugna-

126 2931 178 2982 tus
203 2925 235 2981 in
258 2925 373 2998 judicio
398 2926 601 3000 pecuniarum,
623 2927 857 3005 repetundarum
882 2934 1006 3002 propter

125 3005 284 3080 cujusdam
301 3004 514 3080 Transpadani
529 2995 711 3081 supplicium
725 2996 869 3080 injustum
884 3025 891 3079 ;
915 3004 1005 3063 Catu·
1019 3007 1056 3064 35

124 3086 174 3142 lus
203 3103 240 3142 ex
268 3085 414 3161 petitione
442 3085 639 3160 pontificatus
661 3086 729 3143 odio
749 3086 900 3154 incensus,
923 3086 1003 3159 quod

123 3171 262 3224 extrema
277 3170 386 3234 aetate,
402 3165 555 3222 maxumis
567 3165 732 3223 honoribus
744 3182 826 3234 usus,
840 3164 877 3220 ab
890 3164 1005 3221 adoles-

123 3245 246 3304 centulo
264 3244 396 3303 Caesare
411 3244 511 3302 victus
526 3244 715 3302 discesserat.
759 3244 823 3301 Res
839 3248 941 3299 autem
955 3262 1006 3318 op

123 3331 256 3401 portuna
277 3323 449 3396 videbatur,
471 3324 552 3399 quod
574 3323 601 3380 is
621 3323 767 3398 privatim
787 3322 912 3397 6816816
933 3322 1004 3380 libe-
