2346 3718
370 161 416 206 oa
441 159 562 207 annuo
587 158 848 207 Jueuarrrmo
1030 141 1073 208 57

137 317 744 395 jubetomnesperfugasvinetosadduoi.
782 317 1020 392 Elorummagna

133 418 219 474 pars,
236 399 281 456 uti
299 402 420 473 jussum
442 405 515 468 erat,
529 398 669 470 adducti3
691 397 787 472 pauci,
805 398 1019 472 cumprimum

135 480 255 536 deditio
271 481 377 556 eoepit,
396 479 434 535 ad
448 497 550 552 regem
568 477 724 535 Boeehum
739 478 770 534 in
791 477 1019 535 Mauretaniam

135 560 285 617 abierant.
329 561 429 634 Igitur
450 559 615 634 «Iugurtha,
631 558 684 614 ubi
710 558 802 614 armis
825 558 959 633 virisque
988 565 1019 615 et

134 641 268 716 pecunia
283 641 431 714 spoliatus
443 646 497 709 est,
511 658 578 696 curn
591 640 656 713 ipse
669 639 706 695 ad
717 638 926 715 imperandum
944 639 1020 696 Tisi·
1054 643 1071 699 5

136 721 223 776 dium
240 729 406 790 vocaretur,
417 739 522 778 rursus
537 721 638 796 eoepit
652 719 769 776 flectere
780 720 915 776 animum
930 737 1018 776 suum

136 808 171 858 et
200 819 237 858 ex
265 803 347 858 mala
375 802 561 859 couscientia
589 802 683 876 digna
712 801 825 858 timere.
880 800 1018 875 Denique

137 881 246 938 multis
273 883 381 939 diebus
410 901 462 958 per
483 883 705 939 dubitationem
728 881 925 956 consumptis
950 899 1018 938 eum

138 961 232 1018 modo
247 963 347 1018 taedio
363 981 460 1020 rerum
475 963 674 1020 advorsarum
691 963 792 1018 omnia
806 963 884 1018 bello
900 963 1019 1036 potiora

138 1042 272 1112 duceret,
290 1043 441 1112 interdum
457 1063 560 1100 seeum
582 1045 647 1120 ipse
662 1049 824 1118 reputaret,
842 1061 933 1117 quam
954 1043 1071 1117 gra-10

138 1122 190 1178 vis
205 1140 294 1179 casus
315 1123 346 1178 in
368 1124 527 1180 servitium
543 1141 580 1180 ex
601 1142 696 1198 regno
712 1124 798 1193 foret,
814 1124 920 1180 multis
936 1141 1018 1196 mag-

138 1202 251 1276 nisque
273 1204 436 1277 praesidiis
458 1205 663 1279 nequidquam
684 1205 820 1279 perditis
838 1204 874 1260 de
897 1204 1018 1277 integro

138 1283 254 1339 bellum
268 1283 367 1340 sumit.
406 1283 446 1340 Et
458 1284 574 1342 Romae
586 1290 709 1340 senatus
725 1285 761 1340 de
776 1285 941 1359 provinciis
951 1302 1019 1340 eon-

139 1364 242 1420 sultus
258 1362 436 1420 Numidiam
453 1364 578 1421 Metello
594 1366 777 1421 decreverat.

184 1447 229 1501 63.
254 1443 399 1500 Peridem
412 1445 648 1520 tempusUtieae
657 1446 732 1501 forte
742 1444 773 1502 d.
784 1443 883 1500 Mario
893 1443 1020 1519 perhos·
1036 1445 1071 1503 15

138 1523 202 1580 tias
218 1524 265 1580 dis
280 1525 466 1598 supplicanti
481 1543 594 1599 magna
609 1531 700 1599 atque
715 1524 865 1581 mirabilia
878 1525 1018 1599 portendi

140 1604 294 1678 haruspex
304 1605 440 1663 dixerat:
456 1607 589 1680 proinde,
599 1624 676 1681 quae
692 1606 793 1661 animo
809 1606 954 1678 agitabat,
965 1605 1021 1661 fre-

139 1684 1021 1761 tusdisage1·et,fortnnamquamsaepissumeexperiretur,

140 1771 252 1821 cuneta
265 1783 407 1840 prospere
421 1773 577 1823 eventura.
621 1765 762 1823 Atilium
771 1767 835 1839 jam
852 1772 942 1822 antea
953 1783 1020 1822 eon-

144 1844 264 1901 sulatus
286 1846 395 1919 ingens
410 1847 520 1920 cupido
535 1845 719 1919 exagitabat,
737 1846 776 1902 ad
792 1853 880 1922 quern
897 1847 1020 1919 eapiun-
1035 1852 1072 1906 20

141 1925 216 1981 dum
231 1932 350 1999 praeter
363 1933 547 1983 vetustatem
563 1925 696 1982 familiae
712 1927 771 1982 alia
782 1927 885 1983 omnia
901 1927 1019 1983 abunde

140 2011 238 2074 erant,
255 2006 415 2075 industria,
433 2007 576 2080 probitas
598 2007 725 2063 militiae
747 2025 861 2081 magna
881 2007 1019 2077 seientia,

143 2086 263 2142 animus
279 2086 348 2143 belli
363 2087 479 2158 ingena,
491 2087 572 2143 domi
587 2088 732 2156 modicus,
745 2087 890 2144 lubidinis
905 2094 936 2144 et
948 2088 1021 2144 divi-

141 2167 255 2222 tiarum
272 2167 376 2236 vietor,
393 2167 607 2223 tantummodo
622 2168 737 2241 gloriae
754 2167 870 2224 avidus,
917 2167 978 2226 Sed
993 2169 1020 2224 is

141 2252 234 2303 natus
248 2252 278 2302 et
293 2264 412 2303 omnem
428 2247 592 2320 pueritiam
605 2247 715 2321 Arpini
727 2248 815 2317 altus,
827 2249 877 2304 ubi
888 2249 1020 2321 primum
1037 2251 1073 2306 25

143 2333 229 2383 aetas
243 2326 369 2382 militiae
385 2327 505 2400 patiens
520 2327 586 2396 fuit,
605 2327 766 2401 stipendiis
780 2328 939 2398 faciundis,
959 2347 1020 2384 non

143 2407 259 2464 Graeca
274 2406 527 2482 facundiamque
543 2407 668 2463 urbanis
682 2407 843 2464 munditiis
859 2425 924 2464 sese
940 2427 1021 2464 exer-

143 2488 220 2545 cuit:
238 2488 282 2543 ita
297 2489 376 2545 inter
391 2495 472 2544 artes
487 2488 584 2544 bonas
598 2487 751 2560 integrum
767 2488 921 2561 ingenium
933 2489 1020 2545 brevi

143 2567 285 2625 adolevit.
329 2567 411 2642 Ergo
427 2568 478 2624 nbi
493 2568 625 2643 primum
647 2568 837 2624 tribunatum
859 2569 1021 2626 militarem

143 2666 160 2703 a
175 2648 289 2722 populo
298 2649 383 2722 petit,
392 2648 544 2722 plerisque
556 2648 661 2705 faeiem
672 2650 737 2720 ejus
752 2649 970 2722 ignorantibus
981 2650 1021 2706 fa·
1036 2653 1073 2707 30

142 2728 198 2785 cile
211 2735 301 2784 notus
313 2746 366 2802 per
377 2747 481 2785 omnes
491 2728 588 2785 tribus
599 2728 775 2786 declaratur.
812 2728 930 2786 Deinde
940 2731 977 2786 ab
986 2748 1021 2786 eo

142 2809 326 2880 magistratu
336 2809 436 2877 aliurn,
445 2814 516 2883 post
528 2808 621 2864 alium
632 2809 690 2865 sibi
707 2809 832 2883 peperit,
842 2827 1020 2884 semperque

141 2887 174 2942 in
189 2889 391 2962 potestatibus
406 2907 441 2944 eo
456 2888 545 2944 modo
561 2889 707 2962 agitabat,
719 2895 754 2946 ut
770 2891 915 2963 ampliore
930 2908 1020 2964 quam

142 2969 266 3042 gerebat
281 2967 392 3042 dignus
408 2968 575 3026 haberetur.
620 2969 735 3026 Tamen
750 2970 777 3027 is
792 2970 872 3026 adid
888 2970 1021 3026 locorum

142 3048 215 3105 talis
236 3047 403 3104 vir-nam
432 3055 539 3125 postea
568 3049 731 3106 ambitione
759 3069 903 3125 praeceps
932 3051 1074 3107 datus35

143 3133 390 3202 est—appetere
406 3147 465 3185 non
482 3129 621 3187 audebat.
665 3131 767 3186 Etiam
783 3136 849 3188 tum
865 3131 940 3186 alios
962 3148 1022 3186 ma-

144 3209 294 3282 gistratus
316 3208 411 3282 plebe,
430 3210 622 3266 consulatum
645 3210 792 3266 nobilitas
815 3211 894 3266 inter
916 3228 947 3266 se
969 3229 1022 3285 per

145 3306 254 3344 manus
269 3288 411 3345 tradebat
423 3309 430 3362 ς
451 3308 550 3346 novus
565 3296 726 3346 nemetum
739 3291 943 3364 clarusneque
958 3297 1021 3346 tarn
