2346 3718
380 167 427 213 na
451 166 572 212 annno
597 139 859 216 soooarmno
1042 154 1093 218 35,

151 325 285 384 Necesse
314 330 362 382 est
389 331 508 382 suomet
537 325 595 400 ipsi
624 343 709 383 more
738 325 919 401 praecipites
948 331 1026 383 eant.

152 405 261 463 Occiso
272 404 471 472 TiGraccho,
482 423 571 479 quem
587 422 712 479 regnum
727 424 834 481 parare
848 406 979 475 aiebant,
997 407 1027 462 in

150 486 270 560 plebem
286 485 457 542 Romanam
471 486 667 560 quaestiones
683 485 804 543 habitae
827 492 906 543 sunt.
953 486 1028 542 Post

152 565 185 622 C.
204 564 332 624 Gracchi
347 571 379 621 et
401 565 442 621 M.
457 564 546 621 Fulvi
562 567 683 622 caedem
705 567 778 623 item
794 567 889 625 vostri
913 567 1028 623 ordinis

150 647 239 702 multi
262 645 406 702 mortales
429 645 598 702 incarcere
626 647 727 703 necati
756 654 846 720 sunt;
868 647 1026 720 utriusque
1062 651 1079 708 5
1114 685 1116 689 ·

150 725 246 782 cladis
256 742 316 782 nou
329 725 383 796 lex,
403 743 508 782 verum
521 726 624 782 lubido
634 745 738 783 eorum
752 726 840 783 linem
854 727 932 784 fecit.
967 727 1027 784 Sed

150 823 223 861 sane
235 805 326 861 fuerit
342 806 427 879 regni
443 806 562 879 paratio
577 806 659 880 plebi
670 824 727 863 sua
741 808 919 879 restituere,
942 808 1028 881 quid-

149 885 222 960 quid
239 887 303 942 sine
319 886 468 958 sanguine
484 885 595 942 civium
612 885 716 944 ulcisci
733 888 881 961 nequitur,
892 889 959 962 jure
970 888 1027 943 fac-

148 974 214 1022 tum
237 966 284 1023 sit.
330 964 542 1039 Superioribus
565 967 654 1022 annis
676 967 761 1024 taciti
783 968 1025 1041 indignabamini

152 1047 305 1103 aerarium
325 1046 460 1120 expilari,
476 1063 566 1118 reges
587 1055 618 1102 et
640 1047 768 1122 populos
791 1049 900 1104 liberos
921 1047 1025 1122 paucis
1043 1051 1078 1106 10

148 1127 302 1182 nobilibus
324 1126 455 1200 vectigal
479 1127 618 1200 pendere,
635 1145 729 1202 penes
750 1129 872 1184 eosdem
895 1136 925 1184 et
947 1145 1026 1184 sunr-

146 1224 230 1263 mam
254 1207 382 1280 gloriam
404 1212 435 1262 et
455 1224 615 1264 maxumas
644 1207 768 1264 divitias
789 1226 863 1266 esse.
907 1207 1022 1264 Tarrnen

147 1287 223 1344 haec
244 1287 320 1343 talia
347 1287 480 1343 facinora
501 1287 624 1362 impune
647 1289 816 1362 suscepisse
844 1306 953 1362 parum
976 1288 1025 1345 ha·

146 1368 248 1436 boore,
257 1368 360 1442 itaque
373 1376 526 1442 postremo
538 1368 630 1442 leges,
642 1370 785 1442 majestas
795 1374 906 1439 vostra,
920 1369 1025 1426 divina

145 1453 179 1504 et
194 1447 328 1504 humana
338 1447 590 1504 omniahostibus
598 1449 711 1505 tradita
720 1454 799 1506 sunt.
844 1449 951 1523 Neque
962 1467 1023 1518 eos,
1041 1451 1076 1507 15

146 1527 201 1602 qui
223 1546 260 1584 ea
284 1528 388 1596 secere,
406 1529 500 1603 pudet
516 1535 569 1585 aut
584 1531 728 1602 poenitet,
745 1529 798 1586 sed
814 1529 958 1586 incedunt
971 1548 1025 1604 per

146 1624 201 1665 ora
217 1615 321 1665 vostra
343 1608 504 1682 magnifici,
523 1609 693 1666 sacerdotia
706 1617 738 1666 et
752 1609 935 1678 consulatus,
951 1627 1023 1684 pars

145 1688 320 1762 triumphos
342 1706 414 1745 suos
437 1695 644 1747 ostentantes:
666 1690 793 1764 proinde
809 1691 895 1764 quasi
917 1709 953 1746 ea
975 1690 1024 1747 ho-

146 1769 221 1836 nori,
236 1787 296 1826 non
306 1770 434 1844 praedae
448 1769 586 1826 habeant.
625 1769 712 1827 Servi
724 1788 791 1827 aere
801 1770 898 1844 parati
911 1770 1024 1844 injusta

145 1850 274 1924 imperia
296 1850 488 1906 dominorum
513 1867 573 1906 non
594 1850 768 1925 perferunt;
791 1867 854 1918 vos
879 1849 1021 1922 Quirites,
1039 1851 1076 1906 20

145 1931 180 1987 in
201 1932 327 2006 imperio
349 1931 422 2000 nati,
440 1948 535 2005 aequo
552 1931 652 1987 animo
668 1930 847 1986 servitutem
863 1928 1022 1986 toleratis?

146 2012 193 2068 At
208 2013 259 2086 qui
275 2018 346 2068 sunt
362 2012 391 2082 ii,
403 2011 454 2086 qui
470 2011 696 2086 rempublicam
709 2006 916 2084 occupavere?
960 2009 1023 2066 Ho-

145 2093 244 2148 mines
274 2093 520 2161 sceleratissumi,
551 2091 682 2148 cruentis
717 2090 866 2158 manibus,
896 2089 1022 2146 immani

146 2174 287 2241 avaritia,
298 2173 517 2231 nocentissumi
532 2179 563 2228 et
572 2171 664 2229 iidem
677 2169 903 2246 superbissumi,
915 2169 1023 2244 quibus

146 2253 229 2324 fides,
240 2255 340 2320 decus,
348 2255 456 2330 pietas,
466 2251 754 2328 postremohonesta
762 2257 852 2324 atque
862 2248 1024 2306 inhonesta
1039 2251 1076 2308 25

145 2335 489 2410 omniaquoestuisunt.
535 2329 1023 2389 Parseorumoccidissetribunos

145 2415 251 2490 plebis
269 2415 320 2472 alii
339 2416 534 2490 quaestiones
556 2414 695 2486 injustas,
706 2411 839 2486 plerique
855 2411 977 2467 caedem
991 2410 1022 2466 in

145 2514 202 2553 vos
213 2496 327 2560 secisse,
336 2514 390 2571 pro
400 2496 588 2552 munimento
596 2492 716 2550 habent.
740 2492 887 2566 Itaquam
895 2489 1022 2565 quisque

143 2595 285 2650 pessume
301 2577 379 2645 fecit,
396 2582 461 2633 tam
475 2593 614 2632 maxume
637 2578 722 2628 tutus
743 2577 799 2628 est.
843 2571 961 2628 Motum
984 2571 1022 2627 ab

145 2657 256 2714 scelere
272 2675 327 2714 suo
343 2658 380 2714 ad
396 2657 552 2731 ignaviam
569 2659 704 2711 vostram
719 2651 901 2709 transtulere
917 2670 924 2721 3
947 2668 1024 2725 quos
1038 2653 1074 2709 30

145 2755 251 2794 omnes
265 2739 370 2795 eadem
386 2754 502 2812 cupere,
518 2736 623 2792 eadem
640 2733 749 2801 odisse,
765 2731 869 2788 eadem
890 2737 1022 2787 metuere

145 2818 176 2874 in
192 2835 283 2874 unum
295 2819 401 2892 coegit.
447 2817 505 2874 Sed
517 2816 589 2872 haec
601 2816 679 2871 inter
689 2813 785 2870 bonos
795 2811 936 2879 amicitia,
946 2811 1023 2868 inter

145 2898 242 2954 malos
257 2899 348 2954 factio
363 2903 417 2954 est.
463 2896 550 2970 Quod
567 2896 592 2952 si
607 2901 669 2951 tam
682 2912 738 2951 vos
754 2893 903 2949 libertatis
918 2909 1021 2948 curam

145 2978 305 3044 haberetis,
322 2996 413 3053 quam
435 2977 479 3033 illi
495 2977 533 3033 ad
549 2975 790 3032 dominationem
807 2971 924 3030 accensi
941 2978 1020 3041 sunt,

145 3058 280 3133 profecto
302 3076 397 3133 neque
412 3074 460 3113 res
475 3056 605 3130 publica,
623 3055 712 3111 sicuti
733 3071 820 3123 nunc,
840 3058 1020 3120 vastaretur,
1037 3053 1074 3109 35

144 3146 176 3196 et
196 3137 342 3195 beneficia
363 3145 466 3195 vostra
486 3153 579 3212 penes
601 3141 750 3210 optumos,
767 3151 827 3190 non
850 3131 1023 3189 audacissu-

146 3237 211 3275 mos
227 3219 335 3291 sorent
377 3217 514 3291 Majores,
525 3217 621 3272 vostri
641 3213 768 3288 parandi
779 3214 858 3287 juris
873 3220 904 3268 et
918 3217 1022 3286 majes-

146 3299 220 3356 tatis
230 3299 459 3355 constituendae
472 3297 572 3370 gratia
581 3296 628 3351 bis
638 3312 690 3368 per
700 3294 900 3350 secessionem
911 3292 1021 3348 armati

146 3379 338 3436 Aventinum
352 3393 553 3452 occupavere:
576 3392 631 3431 vos
646 3392 700 3448 pro
714 3373 864 3438 libertate,
882 3389 971 3445 quarn
984 3371 1022 3426 ab
