2322 3718
102 153 144 216 90
379 169 409 216 c.
426 167 608 215 satanam
634 165 754 214 ca1sr1

155 327 418 400 responderentur.
462 325 640 402 Postquam,
670 325 761 383 sicuti
790 327 937 399 voluerat,
970 347 1043 386 con·

154 408 260 481 gressi,
279 408 352 464 dicit
367 425 399 463 se
416 407 543 462 missum
561 425 578 462 a
594 405 716 464 consule
731 407 851 464 venisse
862 410 1040 482 quaesitum

155 489 193 544 ab
209 506 369 562 capacem
386 505 424 542 an
435 486 547 542 bellum
560 488 734 559 agitaturus
747 488 833 544 foret
876 488 956 546 Tum
971 507 1038 562 rex,

155 568 201 624 nti
221 575 417 642 praeceptum
439 567 546 635 fuerat,
564 577 635 642 post
656 567 737 622 diem
761 569 920 626 decumum
937 569 1040 628 redire

120 651 138 706 5
157 649 252 721 jubet,
270 666 305 705 ac
327 646 401 703 nihil
425 649 604 704 etiamtum
627 647 807 718 decrevisse,
830 649 882 705 sed
912 650 964 707 illo
986 651 1039 708 die

153 745 377 803 responsurum.
422 727 541 784 Deinde
564 727 653 784 ambo
669 727 700 784 in
716 745 771 784 sua
787 733 887 786 castra
901 730 1038 803 digressi

153 815 233 865 sunt.
279 808 338 866 Sed
355 808 408 865 ubi
429 809 608 884 plerumque
623 809 722 864 noctis
737 810 894 883 processit,
913 809 1001 866 Sulla
1019 830 1038 868 a

152 889 273 946 Boccho
301 889 417 946 occulte
447 888 619 945 accersitur.
663 887 715 946 'Ab
743 895 872 964 utroque
900 895 1039 946 tantum-

151 970 242 1026 modo
263 968 314 1026 fidi
334 969 515 1043 interpretes
540 968 730 1034 adhibentur,
751 976 909 1044 praeterea
929 970 1038 1026 Dabar

100 1050 136 1107 10
152 1049 368 1118 internuntius
384 1055 510 1106 sanctus
526 1050 572 1106 vir
591 1055 623 1105 et
643 1066 681 1104 ex
700 1050 854 1106 sententia
873 1050 1034 1108 ambobus

152 1129 200 1186 Ac
216 1129 319 1186 statim
336 1129 381 1186 sic
395 1148 448 1186 rex
464 1129 584 1204 incipit:

193 1211 258 1268 110.
282 1209 483 1285 “Numquam
493 1227 550 1284 ego
560 1216 647 1266 ratus
659 1227 727 1266 sum
741 1209 867 1279 fore,uti
882 1229 935 1268 rex
948 1229 1037 1268 max-

151 1307 241 1346 umus
262 1290 294 1346 in
314 1289 370 1347 hac
391 1296 473 1348 terra
493 1297 524 1346 et
544 1290 688 1359 omnium,
710 1308 786 1364 quos
806 1291 887 1359 novi,
909 1291 1035 1365 privato

151 1370 265 1428 homini
279 1371 410 1444 gratiam
422 1371 570 1428 deberem.
608 1370 654 1426 At
668 1370 845 1439 mehercule,
855 1369 949 1440 Sulla,
959 1378 1034 1428 ante

99 1451 135 1507 15
152 1458 182 1507 te
207 1451 372 1525 cognitum,
395 1450 500 1508 multis
523 1451 689 1520 orantibus,
712 1450 780 1506 aliis
803 1450 882 1506 ultro
907 1457 1035 1525 egomet

150 1549 237 1606 opem
262 1531 327 1601 tuli,
349 1531 463 1587 nullius
488 1529 613 1604 indigui.
657 1530 695 1588 Id
716 1530 920 1601 imminutum,
947 1532 1033 1604 quod

150 1611 240 1668 ceteri
254 1611 354 1668 dolere
370 1611 477 1680 solent,
493 1629 550 1684 ego
571 1611 682 1667 laetor:
705 1609 796 1666 fuerit
812 1609 888 1666 mihi
906 1611 1032 1684 eguisse

150 1691 312 1765 aliquando
327 1697 399 1748 tuae
422 1691 582 1761 amicitiae,
599 1709 658 1764 qna
679 1691 761 1764 apud
776 1690 911 1746 animum
926 1709 1032 1748 meum

149 1771 225 1827 nihil
249 1771 349 1828 canus
372 1771 477 1828 habeo
520 1772 557 1828 Id
578 1771 654 1828 adeo
674 1770 804 1844 experiri
825 1769 910 1826 licet:
933 1788 1030 1842 arma,

97 1853 134 1911 20
150 1852 240 1922 viros,
261 1852 431 1927 pecuniam,
454 1858 607 1926 postremo
629 1850 776 1925 quidquid
805 1850 907 1907 animo
932 1850 1029 1922 lubet,

148 1950 243 2002 sume,
259 1941 352 2002 utere,
368 1939 399 1989 et
422 1933 523 2007 quoad
545 1932 641 2001 nivea,
664 1948 830 2006 numquam
852 1930 907 1987 tibi
931 1932 1032 1988 reddi-

147 2018 211 2069 tam
239 2014 370 2088 gratiam
397 2012 571 2088 putaveris3
594 2029 712 2086 semper
735 2011 814 2086 apud
836 2028 884 2066 me
905 2011 1030 2086 integra

147 2094 219 2163 erit;
242 2093 372 2168 denique
386 2093 462 2149 nihil
477 2111 524 2148 me
540 2092 652 2149 sciente
668 2091 780 2147 frustra-
794 2091 888 2147 voles.
933 2091 962 2147 N
966 2110 1027 2164 am,

147 2178 182 2228 ut
209 2191 266 2248 ego
296 2179 559 2246 aestum0,regem
589 2171 680 2228 armis
703 2189 794 2245 quam
820 2170 1030 2230 munificentia

95 2255 131 2311 25
148 2252 228 2310 vinci
243 2253 343 2311 minus
359 2253 545 2328 flagitiosum
555 2257 611 2309 est.
650 2250 792 2310 Ceterum
808 2251 845 2307 de
860 2269 891 2307 re
906 2251 1030 2326 publica

149 2340 262 2403 vostra,
278 2336 362 2408 cujus
382 2339 502 2390 curator
523 2331 581 2388 huc
600 2331 715 2388 missus
730 2350 770 2400 ee,
787 2331 893 2406 paucis
915 2332 1026 2407 accipe.

147 2413 267 2470 Bellum
277 2433 335 2488 ego
351 2414 464 2489 populo
478 2412 620 2469 Romano
633 2430 729 2486 neque
740 2411 794 2468 feci
804 2430 901 2486 neque
912 2411 1028 2470 factum

146 2511 291 2569 uniquam
315 2494 414 2551 volui:
447 2499 478 2548 at
501 2492 575 2549 fines
597 2510 682 2548 meos
702 2493 864 2548 advorsum
892 2499 1029 2549 armatos

146 2576 239 2630 arnris
262 2581 381 2630 tutatus
406 2591 481 2630 sum.
524 2573 561 2630 ld
584 2573 702 2641 omitto
726 2573 849 2646 quando
871 2572 958 2628 vobis
982 2573 1029 2630 ita

93 2657 130 2712 30
146 2655 260 2729 placet:
282 2655 387 2729 gerite,
411 2653 493 2728 quod
509 2653 611 2722 voltis
634 2671 703 2710 cnm
725 2651 882 2725 Jugurtha
902 2652 1026 2712 bellurn.

146 2734 213 2808 ligo
230 2734 340 2791 flumen
357 2733 542 2805 Mulucham,
560 2734 641 2808 quod
656 2733 735 2790 inter
750 2751 797 2788 me
812 2738 843 2788 et
863 2731 1027 2807 Micipsam

146 2815 211 2884 fuit,
220 2815 437 2890 nonegrediar,
447 2832 542 2888 neque
553 2815 583 2870 id
594 2814 705 2870 intrare
713 2813 734 2870 J
736 2812 901 2886 ugurtham
914 2813 1025 2871 sinam.

146 2894 308 2952 Praeterea
323 2895 350 2952 si
365 2894 438 2971 quid
450 2911 558 2969 meque
570 2895 716 2969 vobisque
725 2893 853 2966 dignum
868 2893 1026 2968 petiveris,

146 2974 228 3031 haud
243 2976 383 3050 repulsus
398 2975 526 3031 a-hibis''

92 3057 129 3110 35
188 3056 251 3111 111.
275 3055 326 3112 Ad
350 3074 387 3110 ea
406 3052 492 3110 Sulla
508 3070 563 3126 pro
583 3071 617 3109 se
637 3053 770 3109 breviter
789 3058 821 3108 et
840 3053 966 3122 modice,
989 3054 1027 3110 de

145 3149 218 3208 pace
246 3139 278 3189 et
306 3134 343 3190 de
372 3132 584 3190 communibus
612 3133 702 3187 rebus
736 3133 843 3188 multis
871 3132 1027 3192 disseruit.

147 3212 286 3286 Denique
311 3213 377 3285 regi
399 3211 558 3286 patefecit:
582 3212 664 3283 quod
678 3213 865 3285 polliceatur,
881 3219 1027 3268 senatum

144 3295 176 3344 et
204 3291 351 3364 populum
380 3290 564 3356 Romanum,
593 3290 739 3362 quoniam
770 3291 863 3346 armis
893 3291 1029 3364 amplius

146 3368 324 3439 valuissent,
349 3387 409 3425 non
433 3368 464 3424 in
488 3367 620 3441 gratiam
644 3367 819 3442 habituros;
849 3369 1029 3428 faciundum
