2346 3718
383 146 430 192 nn
456 143 575 191 sunno
601 142 861 191 Jueuarrrrso.
1045 125 1087 190 59

155 305 328 379 scripserat,
340 304 453 360 morbis
463 303 618 359 confectus
627 307 658 359 et
670 303 785 359 obeam
798 319 921 358 causam
933 307 1033 358 mente

154 385 280 461 paulum
292 385 462 440 imminuta.
487 383 543 440 Oui
557 382 700 439 Metellus
709 383 823 456 petenti
835 398 916 437 more
926 399 1031 455 regum

155 471 190 522 ut
206 464 310 521 sellam
322 466 411 537 juxta
424 469 557 538 poneret,
568 463 642 519 item
654 471 761 538 postca
772 461 929 518 custodiae
941 479 1033 518 causa

153 552 288 602 turmam
297 544 433 619 equitum
449 543 668 612 Romanorum,
677 548 839 617 utrumqne
850 547 1032 616 negaverat:

154 625 309 694 honorem,
333 625 414 700 quod
435 641 540 680 eorum
569 622 659 679 modo
687 623 773 692 foret,
796 640 872 697 quos
901 622 1032 697 populus
1067 628 1084 684 5

154 706 315 762 Romanus
326 721 413 778 reges
428 703 659 778 appellavisset;
675 703 1034 779 praesidinm,quodcon·

153 785 350 842 tumeliosum
373 785 405 842 in
426 801 478 840 eos
497 784 582 851 foret,
599 783 624 838 si
639 783 758 857 equites
774 783 906 840 Romani
922 781 1033 839 satelli-

153 872 203 923 tes
232 865 383 922 Numidae
407 865 605 920 traderentur.
650 863 742 921 Hunc
764 863 885 920 Marius
906 863 1031 920 anxium

153 945 335 1020 aggreditur
350 951 440 1019 atque
457 944 604 1012 hortatur,
620 949 654 999 ut
669 943 921 1000 contumeliarum
937 943 967 999 in
979 943 1033 999 im-

153 1032 326 1102 peratorem
341 1043 410 1082 cum
425 1042 479 1081 suc
495 1024 733 1098 auxiliopoenas
752 1030 855 1098 petat;
879 1023 1032 1080 hominem
1048 1027 1084 1084 10

153 1107 194 1163 ob
216 1107 338 1163 morbos
360 1105 461 1162 animo
481 1122 590 1178 parum
613 1104 716 1160 valido
739 1104 872 1160 secunda
894 1103 1030 1161 oratione

152 1185 292 1243 extollit:
315 1185 401 1242 illum
422 1203 532 1259 regem,
548 1185 706 1258 ingentem
721 1185 829 1252 virum,
846 1182 1030 1240 Masinissae

152 1273 294 1341 nepotem
304 1283 390 1338 esse,
414 1265 440 1321 si
449 1265 470 1322 J
473 1265 608 1339 ugurtha
627 1271 734 1340 captus
750 1271 803 1321 aut
813 1265 930 1321 occisus
943 1264 1028 1334 soret,

152 1345 314 1420 imperium
331 1345 493 1403 Numidiae
509 1345 574 1401 sine
590 1362 674 1401 mora
689 1344 882 1418 habiturum3
904 1345 934 1401 id
955 1345 1030 1400 adeo

152 1432 273 1482 mature
294 1443 384 1501 posse
405 1426 534 1495 evenire,
551 1425 577 1482 si
597 1425 661 1501 ipse
683 1425 789 1482 consul
812 1425 851 1481 ad
871 1424 902 1481 id
918 1424 1029 1481 bellum
1047 1427 1082 1484 15

152 1507 268 1563 missus
283 1506 367 1563 foret.
411 1505 521 1581 Itaque
536 1513 567 1562 ct
582 1506 666 1562 illum
681 1511 712 1561 et
727 1505 844 1580 equites
862 1505 1028 1575 Romanoa,

152 1586 267 1643 milites
288 1591 320 1643 et
340 1586 553 1660 negotiatores,
576 1586 651 1642 alios
673 1585 745 1661 ipse,
767 1585 925 1660 plerosque
946 1585 1030 1660 pacis

153 1685 224 1741 spes
239 1666 375 1741 impellit,
387 1667 431 1723 uti
447 1665 579 1722 Romam
591 1667 629 1722 ad
639 1683 710 1722 suos
726 1667 913 1722 necessarios
926 1683 1030 1741 aspere

152 1747 184 1802 in
202 1746 358 1804 Metellum
374 1747 410 1803 de
425 1746 505 1803 bello
516 1747 659 1815 scribant,
671 1745 802 1802 Marium
818 1746 1030 1821 imperatorem

152 1833 289 1901 poscant.
334 1825 383 1883 Sic
397 1826 470 1882 illia
485 1827 590 1883 multis
605 1826 785 1882 mortalibus
802 1826 1029 1883 honestissuma
1045 1829 1082 1884 20

153 1906 370 1979 suffragatione
386 1906 562 1963 consulatus
582 1907 747 1980 petebatur.
782 1905 892 1964 'Simul
908 1925 943 1962 ea
957 1913 1030 1962 teur-

152 1992 271 2060 pestate
294 1986 388 2061 plebs,
405 1987 564 2043 nobilitate
580 1986 648 2042 fusa
663 2004 715 2060 per
734 1986 833 2060 legem
849 1985 1027 2056 Mamiliam,

154 2083 251 2123 novos
266 2067 439 2124 extollebat.
484 2067 535 2123 Ita
550 2067 648 2122 Mario
664 2073 774 2123 cuncta
791 2068 959 2142 procedere.

196 2149 241 2204 66.
266 2146 394 2203 Interim
403 2147 424 2204 J
427 2146 561 2220 ugurtha
574 2152 739 2221 postquam
752 2148 866 2204 omissa
876 2147 1029 2204 deditione

152 2226 266 2282 bellum
280 2225 393 2301 incipit,
410 2244 478 2282 cum
493 2244 606 2301 magna
621 2244 692 2282 cura
707 2244 813 2300 parare
828 2228 937 2297 omnia,
949 2227 1030 2283 festi·
1045 2231 1080 2286 25

153 2324 234 2376 nare,
250 2324 356 2380 cogere
378 2307 563 2380 exercitum;
585 2305 734 2376 civitates,
752 2324 829 2379 quae
852 2308 889 2364 ab
905 2325 936 2363 se
952 2308 1004 2363 def
1019 2341 1030 2351 ·

153 2392 264 2455 corant,
280 2386 438 2443 formidine
455 2393 508 2443 aut
523 2387 705 2444 ostentando
728 2387 865 2461 praemia
880 2388 1027 2456 affectare,

153 2467 338 2523 communire
360 2485 432 2523 suos
454 2467 542 2536 locoS,
560 2484 651 2536 arma,
665 2467 726 2524 tela
748 2467 961 2542 aliaque,quae
977 2485 1029 2542 spe

153 2546 237 2620 pacis
267 2547 418 2616 amiserat,
443 2546 561 2605 reficere
592 2553 645 2604 aut
674 2547 877 2617 commercari,
902 2549 1029 2604 servitia

153 2627 362 2684 Romanorum
386 2627 514 2697 allicere,
531 2633 562 2684 et
578 2645 629 2685 eos
645 2628 737 2701 ipsos,
754 2628 806 2702 qni
821 2629 852 2685 in
868 2628 1028 2704 praesidiis
1045 2632 1082 2686 30

151 2712 248 2776 erant,
273 2708 400 2781 pecunia
422 2713 590 2783 temptare:
619 2725 744 2782 prorsus
775 2709 849 2765 nihil
881 2709 1029 2766 intactum

151 2805 249 2862 neque
264 2787 399 2862 quietum
415 2789 487 2862 pati,
504 2797 613 2844 cuncta
629 2789 752 2861 agitare.
796 2788 898 2863 Igitur
908 2790 1029 2864 Vagen-

152 2885 210 2937 ses,
222 2885 280 2942 quo
297 2866 440 2924 Metellus
456 2867 544 2924 initio
556 2868 576 2925 J
580 2868 712 2942 ugurtha
726 2869 903 2943 pacificante
918 2871 1030 2946 praesi-

152 2947 236 3003 dium
265 2947 460 3022 imposuerat,
488 2947 609 3021 fatiga-ti
638 2948 719 3022 regis
748 2949 904 3024 suppliciis
932 2969 1028 3025 neque

152 3033 244 3084 antea
259 3027 415 3084 voluntate
433 3028 566 3097 alienati,
582 3028 734 3104 principes
750 3030 884 3086 civitatis
902 3029 980 3086 inter
996 3047 1027 3088 se
1044 3031 1080 3088 35

151 3109 318 3182 conjurant
362 3107 441 3164 Nam
472 3109 589 3182 volgus
613 3109 658 3165 uti
687 3108 860 3185 plerumque
890 3109 975 3180 solet,
998 3117 1029 3166 et

107 3227 110 3234 -
150 3205 293 3244 maxume
315 3184 532 3256 Numidarum,
557 3189 682 3262 ingenio
712 3189 824 3258 mobili,
848 3189 1027 3246 seditiosum

151 3274 242 3343 atque
258 3266 479 3325 discordiosum
501 3274 573 3333 erat,
590 3268 733 3341 cupidum
753 3285 901 3324 novarum
918 3285 1027 3336 rerum,

150 3347 247 3423 quieti
263 3353 294 3403 et
310 3347 373 3404 otio
395 3348 568 3406 advorsum.
614 3347 695 3404 Dein
710 3348 886 3421 compositis
901 3348 980 3405 inter
995 3365 1026 3404 se
