2322 3718
367 163 414 210 uu
439 163 561 211 annuo
586 165 846 215 Juouaruruo.
1033 153 1072 216 91

135 325 263 402 aliquid,
275 321 356 399 quod
367 321 489 378 illorum
505 323 605 398 magis
617 342 709 398 quam
720 341 776 380 sua
790 324 930 382 retulisse
942 325 1021 384 vide·

134 413 239 479 retur3
257 404 287 461 id
303 402 377 460 adeo
393 403 424 459 in
437 413 581 479 promptu
595 421 671 473 esse,
683 405 827 479 quoniam
838 406 956 480 copiam
966 407 987 464 J
991 426 1020 463 u-

133 485 266 560 gurthae
282 484 424 542 haberet:
440 501 529 558 quem
546 484 571 539 si
588 484 740 542 Romanis
756 485 943 556 tradidisset,
956 487 1018 544 sore

133 572 170 622 61
190 566 235 622 1111
250 565 426 640 plurumum
439 565 618 638 deberetur3
641 565 818 633 amicitiam,
830 565 945 634 foedus,
957 566 1020 624 Nu·

133 646 248 703 midiae
263 651 389 722 partem,
400 663 492 719 quam
502 663 583 702 nunc
592 650 717 720 peteret,
727 650 801 702 tunc
813 645 892 702 ultro
908 647 1019 704 adven·
1054 645 1071 703 5

132 733 244 782 turam.
289 725 358 782 Rex
372 727 470 799 primo
483 725 630 798 negitare,
648 725 868 799 cognationem,
883 726 1020 784 adfinita-

131 812 207 877 tem,
218 814 374 880 praeterea
390 805 494 861 foedus
504 806 725 878 intervenisse;
747 805 785 862 ad
801 804 858 862 hoc
873 816 1015 878 metuere,

132 904 170 943 ne
206 887 288 944 fluxa
314 886 370 942 fide
394 902 468 942 usus
497 886 691 962 popularium
714 885 833 942 animos
855 894 1015 957 averteret,

131 967 201 1040 quis
223 974 254 1023 61
278 965 438 1039 Jugurtha
466 983 555 1022 carus
583 973 614 1022 et
636 960 769 1023 Romani
796 965 889 1022 invisi
917 976 1012 1025 erant.

131 1045 273 1122 Denique
299 1047 420 1122 saepius
437 1045 585 1119 fatigatus
606 1046 726 1117 lenitur,
742 1051 773 1103 61
792 1063 832 1102 ex
856 1047 1014 1104 voluntate
1033 1050 1068 1105 10

131 1125 235 1184 Sullae
256 1127 359 1184 omnia
376 1143 407 1183 se
430 1127 580 1183 facturum
601 1125 764 1201 promittit.
809 1125 952 1184 (laterum
975 1129 1014 1186 ad

129 1206 334 1264 simulandam
356 1223 472 1281 pacem,
496 1208 582 1280 cujus
607 1205 743 1264 Numida
767 1205 906 1262 defessus
935 1207 1014 1264 bello

130 1287 341 1344 avidissumus
352 1292 427 1356 erat,
439 1304 516 1362 quae
529 1287 616 1344 utilia
630 1286 699 1343 visa
714 1286 915 1344 constituunt.
961 1288 991 1346 lt

129 1369 299 1442 composito
313 1367 383 1425 dolo
398 1366 619 1441 digrediuntur.

173 1450 238 1505 112.
261 1447 305 1507 At
329 1465 382 1504 rex
396 1454 517 1520 postero
533 1447 583 1504 die
598 1447 759 1523 Asparem,
775 1445 951 1520 Jugurthae
973 1449 1013 1506 le·
1028 1452 1064 1508 15

128 1533 246 1602 gatum,
258 1528 394 1603 appellat
408 1527 551 1602 dicitque,
562 1527 620 1584 sibi
634 1545 689 1602 per
706 1527 857 1584 Dabarem
872 1547 910 1584 ex
926 1528 1012 1586 Sulla

128 1608 295 1682 cognitum,
311 1625 400 1682 posse
421 1607 651 1664 condicionibus
667 1608 778 1664 bellum
796 1608 885 1682 poni,
908 1627 1011 1683 quarn-

129 1689 233 1745 obrem
249 1688 331 1762 regis
346 1688 394 1744 sui
410 1688 594 1744 sententiam
609 1688 788 1762 exquireret.
831 1688 887 1744 Ille
911 1689 1010 1746 laetus

128 1769 161 1824 in
189 1776 290 1826 castra
310 1767 485 1842 Jugurtbae
507 1768 714 1844 proficiscitur.
758 1769 875 1826 Deinde
899 1770 1009 1827 abillo

128 1855 238 1906 cuncta
261 1849 395 1917 edoctus
411 1854 572 1924 properato
596 1848 712 1919 itinere,
730 1859 801 1923 post
824 1849 903 1906 diem
930 1857 1009 1907 octa·
1024 1856 1061 1911 20

127 1947 201 1985 vum
225 1930 303 1986 redit
326 1929 365 1985 ad
390 1929 545 1987 Bocchum
568 1934 600 1986 61
621 1929 649 1986 61
673 1929 804 2001 6661161,
818 1929 1008 2002 «Iugurtham

127 2026 237 2083 eupme
253 2009 362 2078 omnia,
378 2027 455 2084 quae
471 2009 701 2084 imperarentur,
715 2009 821 2080 facere,
838 2009 891 2066 sed
907 2009 1007 2066 Mario

126 2106 236 2164 parum
257 2089 422 2146 confidere:
451 2107 541 2164 saepe
563 2102 654 2146 antea
682 2106 749 2145 cum
773 2090 1007 2164 imperatoribus

128 2170 584 2243 Romanispacemconventam
595 2170 707 2226 frustra
717 2169 818 2227 luisse.
864 2169 1005 2227 Ceterum

127 2249 268 2307 Bocchus
297 2251 323 2306 si
352 2249 499 2306 ambobus
527 2249 698 2306 consultum
720 2255 751 2306 et
773 2255 872 2306 ratam
900 2254 1057 2324 66661625

127 2330 227 2400 vellet,
244 2330 330 2387 daret
353 2348 483 2405 operam,
500 2335 534 2387 61
548 2347 610 2386 una
635 2330 672 2385 ab
694 2329 835 2386 omnibus
856 2330 944 2403 quasi
968 2331 1004 2387 de

126 2429 199 2485 pace
214 2411 245 2467 in
261 2410 443 2483 colloquium
456 2411 618 2480 veniretur,
629 2409 730 2483 ibique
742 2410 798 2465 sibi
815 2407 931 2466 Sullam
947 2416 1005 2466 tra-

126 2491 227 2563 deret;
249 2508 317 2547 cum
341 2491 433 2546 talem
449 2491 548 2546 virum
571 2491 603 2546 in
626 2495 812 2565 potestatem
837 2488 1002 2560 habuisset,

126 2583 191 2627 tum
203 2571 274 2640 soro,
283 2571 327 2626 uti
335 2572 424 2643 jussu
437 2576 562 2627 senatus
572 2570 739 2646 autpopuli
751 2570 885 2626 Romani
897 2571 1003 2627 foedus
1151 2553 1153 2644 i

126 2651 217 2721 lieret,
228 2669 324 2725 neque
337 2649 490 2707 hominem
504 2651 645 2721 nobilem,
660 2667 720 2706 nou
736 2668 792 2706 sua
803 2649 935 2723 ignavia,
949 2651 1002 2708 sed
1019 2655 1056 2709 30

126 2731 163 2787 ob
179 2749 241 2786 rem
256 2730 415 2804 publicam,
433 2731 464 2787 in
480 2731 613 2788 hostium
630 2736 782 2805 potestate
798 2730 935 2787 relictum
951 2730 995 2788 iri.
1152 2733 1153 2736 ’

167 2813 231 2869 113.
256 2811 342 2867 Haec
364 2810 491 2866 Maurus
513 2829 615 2868 secum
638 2811 701 2886 ipse
721 2810 773 2867 diu
788 2811 915 2868 volvens
937 2816 1003 2867 tan-

125 2892 193 2947 dem
209 2891 356 2966 promisit,
368 2899 500 2947 ceterum
513 2891 628 2947 doloau
639 2908 709 2947 vere
720 2895 879 2947 cunctatus
893 2909 1001 2964 parurn

126 2972 333 3046 comperimus
378 2969 437 3028 Sed
457 2972 634 3045 plerumque
650 2971 752 3046 regiae
768 2971 949 3040 voluntates,
967 2981 1002 3027 ut

126 3051 331 3118 vehementes
349 3051 392 3107 sic
407 3052 543 3121 mobiles
561 3069 649 3127 saepe
665 3052 748 3126 ipsae
769 3051 826 3107 sibi
843 3051 998 3107 advorsae.
1017 3055 1053 3108 35
1152 3077 1153 3106 1

127 3132 238 3188 Postea
263 3137 398 3206 tempore
421 3137 452 3187 61
475 3131 540 3188 1666
563 3133 737 3195 constituto,
761 3129 792 3186 in
816 3131 999 3204 colloquium
1152 3127 1153 3130 ’

126 3212 169 3268 uti
185 3212 221 3268 dc
237 3230 312 3284 pace
328 3211 490 3279 veniretur,
507 3210 647 3267 Bocchus
663 3209 779 3266 Sullam
794 3210 893 3278 modo,
909 3210 999 3265 ruodo

125 3291 299 3364 Jugurthae
313 3290 448 3364 legatum
465 3291 624 3364 appellare,
641 3290 771 3361 benigne
788 3288 907 3356 habere,
919 3289 998 3344 idem

126 3371 273 3428 ambobus
293 3371 435 3447 polliceri.
472 3369 522 3427 Illi
541 3369 656 3444 pariter
676 3367 749 3424 laeti
769 3385 803 3424 ac
824 3367 887 3441 spei
903 3367 1000 3422 bonae
