2346 3718
345 189 392 236 on
417 188 539 235 annno
564 185 828 234 aueuarflrrro.
1015 171 1056 233 63

121 349 237 408 indicio
255 348 407 423 patefacto
427 365 464 404 ex
485 347 620 422 perfugis
635 319 789 421 coguovit,
804 362 910 402 rursus
928 349 1004 401 tam-

123 447 217 505 quam
234 428 272 484 ad
288 429 441 501 integrum
453 428 565 484 bellum
582 435 691 484 cuncta
705 432 793 501 parat
808 426 1000 499 festinatque.

124 509 269 578 Marium,
285 509 467 583 fatigantem
490 508 526 564 de
547 508 741 583 profectione,
759 506 849 563 simul
874 512 905 561 et
926 504 1003 560 invi-

123 597 193 646 tum
209 595 240 646 et
254 589 400 646 offensum
417 588 473 644 sibi
488 605 595 663 parum
610 588 753 644 idoneum
768 593 862 655 ratus
879 587 1003 642 domum

124 670 263 726 dimittit.
307 669 349 726 Et
361 669 480 726 Romae
492 668 597 742 plebes
611 668 730 737 litteris,
742 685 820 741 quae
829 668 866 723 de
877 665 1002 722 Metello
1038 670 1055 725 5

125 769 161 807 ae
183 749 282 805 Mario
304 749 416 806 missae
437 756 532 818 erant,
552 749 685 822 cognitis
706 747 820 805 volenti
842 747 943 803 animo
965 746 1002 802 de

125 830 276 886 ambobus
306 835 492 904 acceperant.
536 828 717 904 Imperatori
746 827 897 896 nobilitas,
924 843 1002 900 quae

125 916 218 966 antea
228 910 328 966 decori
343 911 410 980 fuit,
423 909 556 966 invidiae
567 927 653 983 esse3
675 906 766 964 atilli
781 908 867 965 alteri
881 907 1002 981 generis

124 990 286 1047 humilitas
307 989 441 1046 favorem
464 990 639 1047 addiderat:
660 995 795 1045 ceterum
819 988 852 1044 in
872 995 1001 1062 utroque

124 1071 226 1144 magis
242 1070 344 1127 studia
358 1071 489 1145 partium
505 1088 597 1144 quam
612 1070 691 1125 bona
707 1074 759 1125 aut
774 1069 856 1125 mala
870 1085 926 1124 sua
942 1086 1002 1124 mo·
1019 1071 1054 1127 10

124 1152 239 1208 derata.
288 1149 451 1206 Praeterea
484 1150 622 1208 seditiosi
650 1151 849 1224 magistratus
878 1149 1002 1223 volgum

124 1231 290 1304 exagitare,
315 1229 475 1287 Metellum
500 1231 641 1287 omnibus
668 1231 864 1288 concionibus
893 1230 1001 1304 eapitis

124 1328 287 1380 arcessere,
311 1310 390 1367 Mari
406 1311 550 1367 virtutem
566 1311 597 1366 in
620 1312 719 1383 majus
740 1311 899 1368 celebrare.
944 1309 1002 1366 De-

123 1392 216 1466 nique
244 1391 349 1468 plebes
370 1391 413 1448 sic
442 1408 576 1459 aceensa,
592 1392 639 1447 uti
660 1391 783 1465 opifices
805 1396 1000 1464 agrestesque

124 1490 239 1541 omnes,
256 1489 383 1546 quorum
398 1489 447 1528 res
462 1470 596 1546 fidesque
611 1471 642 1528 in
657 1471 800 1528 manibus
815 1472 891 1527 sitae
906 1473 1000 1537 erant,
1018 1472 1053 1528 15

123 1553 239 1610 relictis
248 1551 388 1627 operibus
404 1552 629 1627 frequentarent
644 1551 818 1609 Mariumet
833 1568 888 1606 sua
902 1565 1003 1605 neces-

124 1633 207 1689 saria
228 1639 299 1706 post
320 1631 403 1688 illius
424 1631 570 1690 honorem
591 1633 743 1690 ducerent.
787 1631 838 1688 Ita
862 1629 1002 1705 perculsa

123 1712 284 1768 nobilitate
312 1718 382 1787 post
408 1712 523 1769 multas
550 1719 750 1786 tempestates
779 1729 858 1768 novo
884 1709 1001 1767 homini

123 1793 302 1849 consulatus
324 1793 503 1864 mandatum
525 1797 555 1849 et
575 1799 683 1867 postea
701 1793 831 1868 populus
846 1809 864 1848 a
878 1791 1000 1847 tribuno

123 1873 221 1947 plebis
233 1872 266 1929 Τ.
278 1872 396 1929 Manlio
412 1872 556 1928 Mancino
572 1879 707 1946 rogatae,
724 1890 813 1946 quem
825 1872 917 1928 vellet
932 1889 1001 1928 cum
1017 1873 1054 1928 20

123 1951 284 2025 Jugurtha
306 1953 418 2009 bellum
441 1969 553 2026 gerere,
576 1953 717 2026 frequens
738 1952 872 2008 Marium
897 1951 999 2024 jussit.

125 2033 187 2090 Sed
209 2033 300 2107 paulo
315 2040 386 2090 ante
408 2039 533 2089 senatus
554 2032 734 2090 Numidiam
755 2032 883 2089 Metello
904 2032 1002 2088 decre·
1101 2084 1103 2088 .

124 2119 225 2170 verat:
248 2131 284 2169 ea
298 2130 346 2170 res
362 2113 474 2169 frustra
490 2114 557 2172 fuit.

167 2194 211 2253 74.
238 2193 354 2250 Eodem
382 2200 519 2267 tempore
547 2193 705 2268 Jugurtha
735 2193 857 2250 amissis
886 2192 999 2261 amicis,

124 2291 253 2346 quorum
274 2274 433 2349 plerosque
455 2274 520 2348 ipse
535 2281 706 2343 necaverat,
723 2275 814 2331 ceteri
830 2274 999 2342 formidine,
1017 2273 1054 2328 25

122 2371 196 2427 pars
225 2353 262 2410 ad
285 2355 451 2424 Romanoa,
477 2355 526 2410 alii
558 2355 595 2412 ad
619 2373 722 2427 regem
751 2353 905 2410 Bocchum
936 2370 1002 2428 pro-

124 2433 278 2507 fugerant,
295 2453 362 2491 cum
385 2453 482 2510 neque
503 2434 617 2492 bellum
640 2435 705 2509 geri
726 2434 791 2490 sine
813 2433 1000 2498 administris

125 2520 233 2588 posset
257 2522 288 2571 et
308 2533 458 2571 novorum
473 2515 561 2571 fidem
577 2515 609 2571 in
623 2521 712 2572 tanta
725 2515 851 2589 perfidia
865 2520 1001 2570 veterum

123 2595 254 2668 experiri
282 2595 483 2670 periculosum
511 2596 644 2666 duceret,
675 2597 780 2654 varius
809 2596 1001 2669 incertusque

124 2674 272 2748 agitabat.
315 2675 422 2751 Neque
437 2676 482 2732 illi
497 2693 546 2732 res
561 2694 659 2751 neque
674 2676 833 2734 consilium
856 2682 907 2732 aut
922 2676 1003 2750 quis·
1017 2675 1054 2731 30

124 2773 217 2830 quam
227 2754 383 2813 hominum
394 2757 637 2830 satisplacebat;
658 2758 769 2814 itinera
776 2755 1001 2831 praefectosque

123 2836 156 2891 in
179 2835 245 2892 dies
266 2842 391 2905 mutare,
409 2837 499 2894 modo
522 2839 688 2894 advorsum
713 2837 825 2907 hostes,
848 2836 1000 2893 interdum

124 2916 158 2972 in
181 2916 361 2973 solitudines
381 2935 515 2993 pergere,
532 2935 622 2992 saepe
639 2919 670 2974 in
686 2918 759 2992 fuga
775 2935 810 2974 ac
824 2923 894 2991 post
908 2916 1001 2991 paulo

123 2997 157 3052 iu
181 2996 273 3052 armis
301 3014 386 3072 spem
409 2997 537 3070 habere;
566 2999 713 3068 dubitare,
732 2997 837 3054 virtuti
866 3015 904 3054 an
932 2996 1002 3053 fidei

123 3076 316 3153 popularium
339 3078 440 3134 minus
456 3079 606 3138 crederet:
629 3081 681 3150 ita,
698 3095 887 3154 quocumque
907 3077 1003 3134 inten-
1017 3077 1054 3132 35

124 3157 219 3226 derat,
235 3174 285 3213 res
313 3159 461 3214 advorsae
483 3166 577 3216 erant.
628 3159 688 3216 Sed
716 3160 795 3216 inter
821 3175 875 3214 eas
901 3175 1002 3214 moras

123 3245 249 3311 repente
259 3254 325 3293 sese
337 3237 480 3295 Metellus
490 3258 558 3296 cum
573 3241 705 3297 exercitu
717 3239 857 3296 ostendit.
894 3237 1001 3294 Numi-

124 3318 182 3374 dae
198 3317 235 3373 ab
257 3316 278 3373 J
282 3317 414 3390 ugurtha
434 3337 489 3391 pro
511 3325 647 3394 tempore
661 3320 759 3392 parati
782 3319 1000 3390 instructique;

125 3397 196 3454 dein
218 3397 366 3471 proelium
387 3398 538 3472 incipitur.
582 3398 651 3471 Qua
664 3398 695 3454 in
709 3404 797 3472 parte
812 3414 865 3452 rex
878 3413 1000 3470 pugnae
