2346 3718
363 169 410 216 on
435 167 557 215 annno
583 166 846 215 Jusuarflmo
1030 153 1070 218 17

137 345 265 404 sperans
283 327 331 384 vel
347 326 530 384 ostentando
546 325 692 382 virtutem
709 326 755 382 vel
771 325 905 382 hostium
921 326 1016 382 saevi-

137 411 183 464 tia
197 409 285 465 facile
306 425 375 464 eum
398 423 584 475 occasurum,
600 406 747 480 praefecit
768 405 921 475 Numidis,
939 425 1016 480 quos

136 491 169 545 in
185 488 367 562 Hispaniam
393 488 543 544 mittebat.
587 485 647 543 Sed
662 505 698 543 ea
713 504 761 544 res
774 487 862 560 longe
878 486 967 544 aliter
981 505 1016 544 ac

137 575 224 626 ratus
239 574 305 625 erat
320 569 430 625 evenit.
474 566 504 624 N
508 584 554 623 am
571 566 593 623 ,J
596 566 737 640 ugurtha,
754 571 868 624 uteret
883 567 1015 641 impigro

137 657 229 724 atque
251 649 313 706 acri
333 647 466 722 ingenio,
491 647 542 703 ubi
565 652 705 703 naturam
730 647 762 704 P.
782 646 940 722 Scipionis,
962 648 1014 722 qui
1049 653 1067 708 5

135 737 203 787 tum
226 729 375 787 Romanis
405 727 568 802 imperator
590 732 662 794 erat,
686 733 717 783 et
742 745 856 784 morem
879 727 1014 784 hostium

136 809 291 883 cognovit,
315 808 412 865 multo
434 807 536 864 labore
566 807 723 881 multaque
753 824 834 876 cura,
857 815 1015 882 praeterea

136 889 373 946 modestissume
389 889 523 962 parendo
538 892 569 944 et
584 904 674 962 saepe
690 887 812 944 obviam
827 889 925 944 eundo
939 889 1015 962 peri·

136 969 214 1027 culis
236 971 406 1026 intentam
435 967 646 1025 claritudinem
668 967 754 1024 brevi
775 977 962 1042 pervenerat,
980 974 1014 1026 ut

135 1049 250 1107 nostris
266 1048 461 1106 vehementer
475 1066 572 1116 carue,
588 1046 785 1104 Numantinis
802 1065 943 1104 maxumo
958 1054 1015 1105 ter·
1031 1052 1067 1109 10

135 1131 197 1186 rori
218 1137 307 1186 esset.
352 1129 400 1186 Ac
422 1146 503 1197 sane,
520 1129 600 1204 quod
617 1127 836 1185 difficillumum
851 1129 882 1184 in
904 1129 1012 1203 primis

135 1216 192 1280 est,
222 1217 252 1267 et
279 1210 393 1283 proelio
422 1218 564 1266 strenuus
593 1216 657 1265 erat
685 1215 716 1265 et
745 1209 843 1264 bonus
871 1209 1013 1284 consili03

135 1308 265 1366 quorum
287 1290 416 1346 alterum
437 1307 475 1346 ex
495 1289 688 1364 providentia
711 1288 861 1358 timorem,
884 1289 1013 1346 alterum

135 1389 175 1428 ex
195 1371 323 1428 audacia
351 1371 554 1426 temeritatem
584 1369 699 1425 adferre
728 1370 904 1444 plerumque
926 1370 1010 1427 solet.

135 1451 237 1525 Igitur
251 1451 414 1525 imperator
429 1467 533 1507 omnes
545 1449 607 1504 fere
621 1466 671 1506 res
687 1466 810 1524 asperas
829 1465 881 1524 per
900 1449 1013 1523 dugur-
1028 1454 1064 1512 15

134 1531 480 1604 thamagere,inamicis
497 1529 889 1604 habere,magismagisque
904 1531 1012 1587 eumin

135 1611 201 1668 dies
217 1611 374 1686 amplecti;
394 1611 507 1685 quippe
522 1612 607 1683 cujus
623 1628 719 1684 neque
734 1609 892 1666 consilium
915 1628 1011 1684 neque

134 1693 288 1765 inceptum
304 1690 399 1747 ullum
415 1691 526 1748 frustra
537 1701 610 1748 erat.
655 1689 725 1747 Huc
742 1690 903 1746 accedebat
918 1691 1013 1746 muni-

133 1771 257 1829 ficentia
279 1771 372 1828 animi
387 1776 418 1828 et
433 1771 536 1845 ingeni
552 1770 696 1839 sollertia,
714 1770 825 1844 quibus
846 1771 935 1826 rebus
953 1770 1011 1826 sibi

133 1852 249 1910 multos
263 1869 300 1908 ex
315 1851 465 1909 Romanis
480 1851 619 1909 familiari
636 1851 770 1908 amicitia
785 1853 988 1924 conjunxerat.
1027 1855 1064 1912 20

178 1936 202 1989 8.
226 1931 272 1989 Ea
292 1938 475 2008 tempestate
497 1933 527 1988 in
550 1932 684 1989 exercitu
706 1938 810 1989 nostro
832 1930 912 1988 fuere
934 1950 1012 1988 com-

132 2013 237 2088 plures
264 2013 337 2070 novi
366 2019 456 2088 atque
486 2013 612 2084 nobiles,
642 2013 752 2087 quibus
777 2011 904 2069 divitiae
932 2012 1011 2069 bono

133 2094 322 2168 honestoque
344 2094 477 2168 potiores
497 2100 593 2164 erant,
617 2093 737 2151 factiosi
759 2092 850 2164 domi,
870 2098 1012 2168 potentes

134 2174 217 2248 apud
240 2174 346 2243 socios,
363 2174 436 2230 clari
456 2175 556 2249 magis
576 2193 668 2250 quam
684 2173 812 2244 honesti,
832 2173 883 2248 qui
898 2172 918 2230 J
922 2190 1011 2248 ugur-

133 2253 207 2311 thae
226 2271 286 2310 non
305 2254 486 2312 mediocrem
506 2257 641 2312 animum
659 2253 855 2330 pollicitando
873 2253 1012 2310 accende·
1026 2256 1063 2313 25

133 2335 217 2404 bant,
234 2334 259 2391 si
274 2333 405 2409 Micipsa
417 2353 469 2392 rex
479 2335 647 2406 occidisset,
657 2336 718 2392 fore
729 2334 774 2392 uti
789 2334 873 2391 solus
884 2333 1010 2408 imperio

134 2414 300 2472 Numidiae
322 2416 487 2489 potiretur:
510 2417 629 2492 inipso
657 2433 833 2472 maxumam
855 2415 1009 2482 virtutem,

134 2495 253 2552 Romae
264 2495 577 2555 omniavenaliaesse.
622 2497 681 2556 Sed
697 2505 860 2571 postquam
875 2494 905 2552 N
907 2512 1012 2550 uman-

132 2576 179 2632 tia
194 2575 294 2632 deleta
311 2574 343 2632 P.
362 2575 463 2651 Scipio
478 2579 631 2635 dimittere
647 2578 760 2634 auxilia
774 2583 804 2634 et
818 2577 884 2652 ipse
899 2574 1011 2632 revorti

133 2657 257 2713 domum
270 2655 412 2728 decrevit,
424 2659 570 2716 donatum
582 2665 672 2734 atque
684 2658 842 2715 laudatum
852 2655 1010 2730 magnifice
1026 2659 1064 2714 30

133 2753 190 2812 pro
208 2735 349 2793 concione
364 2738 551 2811 ,Iugurtham
568 2740 599 2796 in
614 2739 800 2814 praetorium
817 2737 943 2794 abduxit
958 2735 1012 2792 ibi-

135 2834 193 2890 que
205 2822 320 2872 secreto
330 2819 455 2888 monuit,
466 2825 501 2876 ut
512 2821 615 2894 potius
630 2819 748 2894 publice
764 2836 854 2894 quam
865 2817 1011 2892 privatim

135 2896 299 2952 amicitiam
313 2899 418 2972 populi
435 2900 568 2956 Romani
578 2900 697 2969 coleret,
708 2917 767 2956 neu
781 2898 891 2974 quibus
906 2896 1011 2971 largiri

135 2976 337 3038 insuesceret:
360 2979 526 3052 periculose
549 2998 567 3036 a
587 2980 692 3055 paucis
714 2980 782 3047 emi,
799 2978 879 3054 qnod
903 2978 1011 3034 multo-

134 3073 202 3112 rum
218 3060 316 3112 esset:
340 3059 364 3113 si
380 3063 554 3134 permanere
565 3061 657 3116 vellet
672 3060 703 3116 in
719 3059 782 3116 suis
793 3059 918 3126 artibus,
930 3057 1010 3113 ultro
1025 3057 1062 3113 35

135 3136 178 3192 illi
194 3141 225 3193 et
239 3135 366 3210 gloriam
376 3144 406 3194 et
420 3157 548 3213 regnum
559 3145 729 3207 venturum,
741 3139 787 3194 sin
799 3136 1011 3212 properantius

134 3221 282 3292 pergeret,
292 3217 1009 3294 suametipsumpecuniapraecipitemcasurum.

177 3299 202 3354 9.
227 3294 275 3352 Sic
296 3295 416 3354 locutus
437 3316 506 3355 cum
527 3298 637 3354 litteris
663 3314 740 3362 eum,
763 3311 839 3368 quas
861 3293 1010 3367 Micipsae

134 3376 283 3440 redderet,
316 3376 441 3434 dimisit.
494 3377 608 3433 Earum
640 3373 793 3432 sententia
822 3372 896 3428 haec
925 3376 1008 3426 erat:

266 3469 282 3520 2
294 3468 346 3516 Sal.
