2322 3718
321 173 367 219 nn
391 170 512 220 annuo
537 171 798 222 Jueuurnmo.
1005 157 1047 222 81

113 331 235 390 rantius
255 349 349 406 quam
371 348 423 387 aes
445 337 585 388 mutuum
607 331 739 402 reddere,
763 330 828 405 ipsc
852 331 890 387 ab
911 331 994 388 nullo

113 419 259 486 repetere,
284 411 383 486 magis
406 411 437 468 id
460 411 606 482 laborare,
627 417 662 469 ut
683 412 728 468 illi
749 429 841 486 quam
862 410 995 486 plurumi

115 492 281 565 deberent;
297 493 367 566 joca
391 497 482 566 atque
503 492 582 548 seria
601 510 671 549 cum
692 491 880 548 humillumis
895 509 994 566 agere,

113 573 146 628 in
176 572 327 646 operibus
343 572 373 628 in
403 572 525 646 agmine
554 578 645 647 atque
674 573 713 629 ad
735 571 858 646 vigilias
879 572 993 628 multus

115 653 232 722 adesse,
256 670 352 727 neque
380 651 512 722 interim,
535 652 616 726 quod
640 669 736 726 prava
756 650 885 709 ambitio
908 652 994 724 solet,
1031 657 1049 712 5

114 732 252 790 consulis
262 739 316 790 aut
325 733 506 807 cujusquam
516 732 587 788 boni
596 732 710 788 famam
724 731 853 802 laedere,
863 738 996 788 tantum-

113 813 206 870 modo
235 831 331 888 neque
361 813 487 869 consilio
515 830 612 888 neque
634 830 728 869 manu
748 813 878 888 priorem
901 812 994 869 alium

113 893 188 968 pati,
201 892 361 968 plerosque
378 893 562 950 antevenire.
600 893 719 966 Quibus
734 893 824 950 rebus
833 897 864 950 et
878 893 996 950 artibus

115 973 203 1030 brevi
218 973 316 1031 Mario
332 972 542 1048 militibusque
558 973 745 1030 carissumus
759 973 865 1031 factus,

157 1055 202 1114 91.
222 1054 272 1111 Aa
299 1053 467 1128 Jugurtha,
489 1059 653 1128 postquam
683 1054 828 1129 oppidum
859 1053 993 1128 (lapsam
1012 1057 1049 1112 10

114 1135 253 1208 aliosque
275 1133 359 1191 locos
373 1135 509 1192 munitos
523 1140 555 1190 et
570 1133 628 1190 sibi
644 1133 746 1204 utiles,
763 1134 853 1190 simul
868 1139 899 1190 et
914 1152 997 1208 mag-

114 1233 188 1271 nam
203 1215 363 1290 pecuniam
376 1215 526 1283 amiserat,
539 1215 577 1271 ad
593 1214 748 1272 Bocchum
764 1215 887 1270 nuntios
902 1215 995 1285 misit,

114 1313 208 1370 quam
223 1295 355 1370 primum
366 1296 397 1352 in
413 1294 593 1352 Numidiam
603 1294 707 1370 copias
718 1295 889 1365 adduceret,
900 1294 996 1369 proeli

114 1375 251 1432 faciundi
260 1381 381 1450 tempus
396 1375 510 1432 adesse.
555 1375 652 1447 Quem
663 1374 715 1431 ubi
727 1375 864 1431 cunctari
880 1374 997 1450 accepit

114 1462 148 1512 et
163 1455 291 1513 dubium
300 1455 371 1512 belli
389 1461 479 1530 atque
494 1455 579 1530 pacis
594 1455 728 1512 rationes
743 1454 870 1524 trahere,
881 1471 994 1524 rursus,
1013 1460 1048 1516 15

113 1537 161 1593 uti
184 1541 283 1607 antea,
298 1553 462 1611 proxumos
483 1537 548 1609 ejus
569 1535 658 1592 donis
681 1534 858 1608 corrumpit,
875 1534 995 1610 ipsique
1022 1551 1040 1566 ··

115 1617 228 1673 Mauro
248 1616 410 1691 pollicetur
430 1615 594 1672 Numidiae
615 1621 734 1690 partem
754 1615 884 1685 tertiam,
901 1615 926 1672 si
944 1621 997 1672 aut

115 1696 252 1752 Romani
264 1696 372 1753 Africa
385 1696 504 1770 expulsi
519 1701 573 1753 aut
587 1696 715 1770 integris
731 1696 795 1752 suis
810 1695 918 1752 finibus
936 1696 996 1752 bel-

114 1775 180 1832 lum
202 1777 401 1851 compositum
424 1777 509 1834 foret.
552 1775 599 1833 Eo
624 1777 760 1852 praemio
782 1775 901 1832 illectus
922 1776 998 1834 Boc·
1088 1841 1092 1850 ,

114 1856 192 1914 chus
213 1875 282 1914 cum
303 1874 417 1931 magna
437 1855 632 1913 multitudine
653 1856 675 1915 J
680 1854 844 1930 ugurtham
869 1857 994 1914 accedit,
1012 1863 1049 1919 20

115 1937 168 1993 Ita
181 1937 337 1993 amborum
354 1937 488 1994 exercitu
502 1937 670 2010 conjuncte,
684 1936 817 1993 Marium
827 1937 939 2010 jam-in
955 1937 997 1994 hi-

115 2018 211 2073 berna
226 2016 467 2091 proficiscentem
484 2017 538 2074 vix
552 2017 679 2074 decuma
700 2022 787 2091 parte
803 2017 864 2074 diei
880 2017 997 2091 reliqua

115 2097 275 2166 invadunt,
292 2097 352 2154 rati
376 2104 504 2167 noctem,
520 2115 597 2172 quae
622 2098 687 2171 jam
711 2098 825 2167 aderat,
849 2103 881 2154 et
904 2097 995 2155 victis

116 2177 175 2234 sibi
196 2177 384 2234 munimento
410 2177 472 2235 fore
494 2183 533 2246 et,
550 2177 575 2233 si
590 2178 747 2248 vicissent,
766 2177 850 2234 nullo
871 2177 996 2252 impedi-

116 2264 231 2328 mento,
243 2258 314 2332 quia
328 2257 462 2315 locorum
478 2258 608 2314 scientes
618 2263 713 2327 erant,
726 2263 832 2315 contra
846 2256 997 2314 Romanis
1012 2261 1049 2316 25

117 2344 279 2412 utrumque
295 2355 400 2395 casum
421 2338 450 2394 in
466 2337 599 2394 tenebris
614 2337 810 2394 difficiliorem
825 2337 895 2394 fore.
938 2336 997 2410 Igi-

116 2422 167 2475 tur
182 2417 273 2474 simnl
288 2418 392 2475 consul
408 2435 445 2474 ex
459 2417 564 2475 multia
579 2417 617 2474 de
633 2417 768 2474 hostium
784 2416 918 2472 adventu
930 2434 998 2490 cog-

117 2499 207 2555 novit
217 2503 248 2554 et
258 2498 317 2573 ipsi
332 2497 437 2554 hostes
449 2499 592 2571 aderant;
607 2502 639 2554 et
649 2497 834 2572 priusquam
845 2497 997 2554 exercitus

118 2583 172 2636 aut
184 2578 296 2635 instrui
312 2585 365 2635 aut
375 2578 509 2634 sarcinas
519 2577 671 2652 colligere,
683 2577 811 2654 denique
822 2582 892 2633 ante
904 2595 996 2652 quam

118 2659 242 2734 signum
257 2663 310 2715 aut
325 2659 486 2733 imperium
502 2657 598 2715 ullum
614 2657 749 2731 accipere
761 2656 869 2730 quivit,
879 2658 997 2732 equites
1012 2661 1050 2715 30

117 2738 221 2797 Mauri
250 2744 341 2812 atque
366 2736 496 2808 Gaetuli,
518 2755 583 2815 nou¹
608 2736 672 2794 acie
700 2754 798 2810 neque
824 2737 885 2794 ullo
914 2755 997 2795 more

116 2818 222 2895 proeli,
238 2819 291 2876 sed
307 2818 494 2888 catervatim,
509 2817 556 2874 uti
570 2834 707 2892 quosque
723 2816 783 2873 fors
797 2817 998 2891 conglobave-

116 2905 174 2968 rat,
191 2900 221 2955 in
242 2903 365 2955 nostros
388 2897 590 2971 concurrunt3
613 2897 666 2972 qui
687 2913 802 2966 omnes,
819 2897 928 2972 trepidi
945 2898 998 2954 im-

116 2978 239 3056 proviso
255 2984 338 3035 metu
354 2997 389 3036 ac
402 2984 506 3035 tamen
520 2978 646 3035 virtutis
666 2994 824 3047 memores,
842 2984 896 3035 aut
912 2996 997 3034 arma

117 3060 280 3134 capiebant
300 3064 354 3116 aut
373 3059 529 3132 capientes
549 3058 626 3115 alios
642 3058 679 3114 ab
695 3056 839 3115 hostibus
862 3058 999 3116 defensa-
1013 3060 1050 3117 35

116 3137 209 3213 baut3
231 3157 303 3214 pars
325 3156 419 3213 equos
441 3139 612 3209 ascendere,
628 3139 751 3194 obviam
771 3138 814 3194 ire
836 3137 997 3212 hostibus3

116 3239 224 3298 pugna
244 3219 405 3276 latrocinio
425 3219 526 3292 magis
540 3235 633 3293 quam
652 3218 768 3293 proelio
789 3218 898 3276 similis
914 3218 997 3293 fieri3

116 3303 186 3366 sine
207 3299 315 3374 signis,
333 3300 399 3357 sine
421 3299 589 3368 ordinibus,
604 3297 723 3373 equites
744 3296 920 3372 peditesque
934 3315 999 3372 per-

107 3381 206 3440 'mixti
220 3379 344 3437 caedere
360 3379 445 3450 alios,
457 3378 534 3436 alios
546 3377 740 3449 obtruncare;
761 3375 883 3447 multos,
894 3373 999 3434 contra

208 3457 286 3506 oSal.
