2346 3718
382 143 428 205 na
454 159 575 206 nunno
601 157 862 206 Jueuanfflxo.
1045 141 1084 206 39

153 322 184 374 et
199 317 293 374 timor
301 317 496 392 impediebat,
505 316 678 390 Bomilcari,
688 335 837 393 proxumo
847 334 1032 375 acmaxume

154 397 213 455 fido
222 395 289 467 sibi,
299 397 435 472 imperat,
443 397 550 473 preti0,
561 398 651 454 sicuti
661 399 758 454 multa
770 399 949 466 confecerat,
962 397 1034 452 insi-

154 478 289 534 diatores
304 477 462 534 Massivae
476 485 572 553 paret,
589 496 624 534 ac
640 496 781 535 maxume
796 479 927 550 occulte;
943 478 1033 535 aluid

152 575 263 632 parum
279 559 431 631 procedat,
449 559 557 633 quovis
573 559 662 615 modo
678 558 845 615 Numidam
860 557 1029 614 interficiat,

154 637 308 694 Bomilcar
319 645 433 694 mature
445 638 678 712 regismandata
685 639 870 714 exsequitur,
879 643 910 695 et
919 655 972 712 per
983 636 1034 694 ho
1068 635 1085 692 5
1104 663 1107 668 ·

154 717 253 774 mines
268 717 340 774 talis
354 719 458 792 negoti
474 717 612 788 artifices
622 719 732 775 itinera
743 735 944 792 egressusque
959 719 1033 790 ejuS,

57 807 62 816 '
154 797 906 872 postremolocaatquetemperacuuctaexplorat.
943 797 1036 854 Dein-

155 877 201 945 de,
209 877 260 933 ubi
273 895 321 934 res
335 878 519 952 postulabat,
528 877 656 935 insidias
665 879 773 937 tendit.
796 878 899 953 Igitur
909 894 989 934 uuus
998 895 1037 934 ex

155 976 192 1014 eo
205 975 338 1026 numero,
352 956 403 1031 qui
421 958 460 1015 ad
475 958 598 1015 caedem
612 959 713 1034 parati
723 967 818 1025 erant,
830 957 921 1032 paulo
934 957 1035 1014 incon-

156 1037 268 1094 sultius
285 1036 455 1094 Massivam
476 1039 671 1112 aggreditur3
694 1038 781 1095 illum
796 1039 964 1107 obtruncat,
982 1036 1088 1095 sed10

156 1117 221 1192 ipse
243 1117 460 1191 deprehensus
478 1119 585 1174 multis
607 1118 802 1176 hortantibus
823 1126 855 1175 et
876 1118 907 1174 in
928 1118 1036 1192 primis

156 1197 272 1254 Albino
282 1197 414 1264 consule,
425 1198 570 1256 indicium
585 1198 750 1274 profitetur.
795 1199 847 1256 Fit
858 1216 927 1255 reus
937 1199 1036 1272 magis

156 1295 194 1333 ex
209 1294 305 1351 aequo
320 1277 459 1352 bonoque
474 1297 565 1353 quarn
580 1297 619 1335 ex
633 1281 701 1353 jure
717 1279 854 1352 gentium
873 1279 1036 1350 Bomilcar,

158 1375 260 1413 comes
281 1358 420 1432 ejusqui
443 1358 576 1416 Romam
598 1357 655 1416 fide
676 1360 800 1434 publica
815 1364 949 1416 venerat.
992 1359 1038 1414 At

84 1463 86 1466 ·
157 1437 178 1494 J
181 1436 323 1511 ugurtha,
334 1438 516 1495 manifestus
525 1439 606 1496 tanti
617 1439 749 1509 sceleris,
760 1457 821 1496 non
836 1439 920 1513 prius
932 1436 1038 1495 omisit
1053 1439 1089 1496 15

157 1523 264 1574 contra
292 1535 400 1574 verum
429 1519 495 1588 niti,
512 1537 606 1594 quam
632 1520 767 1577 animum
790 1518 924 1576 advortit
943 1536 1038 1594 supra

157 1597 289 1670 gratiam
305 1603 399 1671 atque
419 1600 582 1674 pecuniam
598 1617 685 1656 suam
708 1599 856 1656 invidiam
873 1599 945 1656 facti
961 1617 1037 1657 esse.

159 1677 269 1752 Igitur,
286 1696 472 1753 quamquam
488 1680 633 1755 inpriore
648 1681 766 1736 actione
780 1698 819 1737 ex
834 1681 939 1737 amicis
954 1680 1038 1753 quin·

158 1759 308 1832 quaginta
325 1759 416 1814 vades
432 1760 566 1829 dederat,
577 1777 671 1833 regno
687 1761 788 1834 magis
805 1778 896 1835 quam
908 1761 1037 1817 vadibus

159 1837 322 1894 consulens
344 1839 421 1895 clam
437 1840 468 1896 iu
487 1839 664 1896 Numidiam
681 1841 880 1897 Bomilcarem
901 1840 1037 1908 dimittit,
1053 1843 1091 1898 20

159 1919 276 1975 veritus
288 1936 324 1975 ne
333 1919 466 1994 reliquos
477 1920 638 1994 populares
650 1926 750 1977 metus
762 1922 921 1978 invaderet
931 1937 1039 1996 paren-

159 1999 190 2054 di
200 1998 267 2067 sibi,
279 1999 304 2054 si
314 1999 350 2054 de
363 1999 415 2055 illo
426 1999 608 2074 supplicIum
620 2007 777 2075 sumptum
789 2001 873 2059 foret
918 2001 960 2058 Et
971 2001 1037 2074 ipse

159 2079 264 2154 paucis
280 2078 388 2135 diebus
402 2080 509 2137 eodem
530 2080 683 2154 profectus
698 2091 754 2151 cst,
775 2083 881 2155 jussus
896 2099 914 2137 a
929 2086 1038 2137 senatu

160 2158 254 2215 Italia
264 2159 416 2215 decedere.
462 2157 522 2215 Sed
539 2166 703 2234 postquam
718 2161 815 2217 Roma
829 2179 972 2234 egressus
982 2166 1037 2227 est,

160 2239 257 2296 fertur
273 2256 365 2312 saepe
380 2256 416 2295 eo
430 2240 543 2296 tacitus
557 2240 721 2314 respiciens
735 2247 891 2314 postremo
909 2240 1038 2297 dixisse:
1055 2242 1092 2299 25

161 2325 177 2348 ⁴‘
190 2319 304 2375 Urbem
316 2319 454 2376 venalem
462 2324 494 2377 et
509 2325 628 2376 mature
643 2321 818 2396 perituram,
830 2321 854 2374 si
870 2326 1038 2396 emptorem

160 2399 342 2456 invenerit.''

201 2483 248 2537 36.
271 2479 396 2536 Interim
413 2479 545 2538 Albinus
567 2486 712 2537 renovato
727 2480 806 2538 bello
826 2486 1038 2551 commeatum,

161 2559 350 2634 stipendium
363 2560 575 2635 aliaque,quac
584 2561 733 2617 militibus
748 2560 816 2619 usui
826 2563 932 2630 forent,
946 2568 1041 2618 matu-

160 2646 209 2696 rat
221 2641 253 2696 in
265 2638 402 2697 Africam
418 2647 539 2715 portare
551 2662 558 2715 ;
575 2659 609 2698 ac
624 2642 729 2697 statim
744 2641 808 2716 ipse
820 2643 983 2717 profectus
994 2643 1038 2699 uti
1054 2647 1092 2703 30

161 2726 233 2776 ante
250 2720 384 2789 comitia,
394 2721 474 2794 quod
484 2727 606 2796 tempus
621 2720 703 2778 haud
717 2721 808 2794 longe
824 2722 937 2792 aberat,
949 2723 1042 2778 armis

163 2806 217 2856 aut
242 2800 395 2856 deditione
418 2806 472 2857 aut
493 2801 602 2875 quovis
623 2801 714 2857 modo
739 2802 851 2858 bellum
874 2803 1041 2860 conficeret.

162 2879 208 2936 At
223 2886 328 2936 contra
342 2879 501 2953 Iugurtha
522 2880 642 2938 trahere
658 2883 761 2938 omnia
774 2888 806 2939 et
827 2883 912 2952 aliae,
929 2883 1039 2940 deinde

162 2959 241 3014 alias
265 2977 366 3016 morae
382 2978 492 3016 causas
513 2960 628 3033 facere3
650 2961 783 3036 polliceri
799 2963 985 3020 deditionem
1009 2981 1043 3020 ac

162 3039 270 3096 deinde
294 3046 409 3096 metum
434 3040 595 3112 simulare;
620 3041 725 3098 cedere
749 3043 876 3099 instanti
898 3048 930 3100 et
952 3042 1043 3116 paulo
1058 3045 1095 3102 35

161 3126 240 3194 post,
254 3138 291 3176 ne
309 3120 355 3176 sui
368 3119 545 3190 diffiderent,
557 3121 671 3177 instare
683 3142 689 3178 :
706 3122 749 3179 ita
763 3123 832 3178 belli
844 3123 943 3191 modo,
952 3125 1043 3180 modo

161 3201 248 3275 pacis
271 3217 354 3256 mora
369 3200 523 3256 consulem
541 3200 703 3258 ludificare.
748 3202 795 3259 Ac
810 3202 893 3258 fuere
909 3204 1042 3277 quitum

163 3280 312 3337 Albinum
329 3279 411 3336 haud
427 3281 569 3353 ignarum
585 3280 697 3337 consili
713 3281 795 3355 regis
810 3283 1041 3352 existumarent,

163 3378 260 3436 neque
276 3377 313 3415 cx
328 3366 415 3415 tanta
439 3359 635 3434 properantia
651 3365 715 3416 tam
730 3361 818 3417 facile
834 3366 965 3418 tractum
983 3363 1044 3418 bel-
