2346 3718
96 171 137 234 64
372 182 402 228 o.
421 182 603 229 saanusrr
628 182 752 230 osrsrr

150 340 255 409 adfuit,
272 338 314 396 ibi
335 340 522 414 aliquamdiu
544 346 712 413 certatum;
734 339 825 397 ceteri
840 341 906 414 ejus
922 360 1031 402 omnes

148 422 261 478 milites
282 421 380 496 primo
396 438 563 494 congressu
582 420 661 495 pulsi
684 421 846 496 fugatique.
892 423 1032 481 Romani

149 503 305 576 signorum
332 508 362 556 et
384 517 536 557 aratorum
559 501 714 575 aliquanto
737 518 871 570 numero,
892 501 1033 560 hostium

147 600 311 658 paucorum
332 581 436 656 potiti:
460 599 530 637 nam
553 581 645 637 ferme
668 579 812 637 Numidis
833 581 864 636 in
885 583 1034 640 omnibus

115 665 132 720 5
148 663 271 738 proeliis
285 661 385 735 magis
400 660 493 734 pedes
509 679 600 736 quam
618 678 702 716 arma
716 667 783 718 tuta
799 666 878 718 sunt.
928 683 931 687 ·

190 744 233 802 75.
258 742 305 798 Ea
316 742 389 815 fuga
399 741 420 798 J
423 741 557 813 ugurtha
572 741 740 816 impensius
756 741 845 798 modo
861 742 952 798 rebus
964 744 1035 800 suis

148 823 285 880 diffidens
307 839 373 878 eum
390 821 526 897 perfugis
541 828 572 879 et
586 828 672 896 parte
695 821 851 896 equitatus
872 821 904 877 in
926 823 1037 880 solitu-

148 905 243 974 dines,
260 903 331 960 dein
346 901 474 958 Thalam
497 902 646 977 pervenit,
664 901 696 957 in
712 902 856 976 oppidum
879 919 1034 976 magnum

149 993 239 1058 atque
255 984 440 1057 opulentum,
457 983 510 1038 uhi
532 982 666 1056 plerique
682 980 818 1038 thesauri
838 981 1033 1057 filiorumque

96 1065 132 1120 10
147 1067 211 1136 ejus
237 1063 351 1121 multus
366 1063 513 1138 pueritiae
530 1063 631 1118 cultus
646 1068 719 1119 erat.
765 1063 849 1134 Quae
863 1070 1033 1137 postquam

148 1144 274 1200 Metello
296 1149 450 1218 comperta
479 1148 558 1211 sunt,
582 1160 768 1217 quamquam
796 1141 876 1198 inter
898 1142 1033 1200 Thalam

148 1224 317 1298 flumenque
339 1240 521 1296 proxumum
551 1223 583 1279 in
612 1223 712 1297 spatio
741 1221 860 1278 milium
881 1223 1034 1298 quinqua-

147 1305 234 1378 ginta
249 1303 315 1360 loea
330 1303 415 1360 arida
430 1311 519 1377 atque
530 1307 621 1359 vasta
636 1319 703 1358 esse
714 1309 909 1375 cognoverat,
922 1308 1033 1361 tamen

148 1403 200 1460 spe
216 1384 356 1460 patrandi
366 1382 446 1452 belli,
461 1384 486 1439 si
498 1385 563 1456 ejus
576 1383 680 1457 oppidi
696 1383 814 1456 potitus
826 1381 910 1454 foret,
922 1401 1033 1441 omues

97 1465 131 1521 15
148 1466 330 1540 asperitates
352 1464 556 1538 supervadere
580 1481 614 1520 ac
637 1469 782 1518 naturam
797 1462 890 1519 etiam
906 1464 1033 1522 vincere

148 1547 333 1619 aggreditur.
378 1544 479 1618 Igitur
501 1543 603 1601 omnia
621 1544 762 1617 jumenta
782 1543 911 1600 sarcinis
933 1544 1034 1601 levari

148 1627 235 1699 jubet
256 1626 315 1682 nisi
343 1625 494 1681 frumento
516 1623 633 1680 dierum
656 1623 774 1696 deeem3
796 1630 929 1680 cetemm
945 1633 1034 1685 utres

147 1705 281 1762 modoet
297 1705 356 1762 alia
375 1722 470 1779 aquae
487 1704 597 1761 idonea
611 1703 736 1778 portari.
781 1703 944 1761 Praeterea
962 1723 1035 1762 con-

148 1786 240 1860 quirit
255 1804 291 1842 ex
306 1785 389 1859 agr-is
404 1803 497 1859 quarn
511 1784 687 1859 plurumum
702 1789 804 1858 potest
819 1783 926 1841 domiti
940 1803 1035 1860 peco-

96 1869 134 1923 20
151 1867 211 1939 ris;
233 1885 268 1923 eo
290 1865 421 1940 imponit
436 1883 511 1920 vasa
532 1867 677 1940 cujusque
700 1864 792 1934 modi,
809 1865 863 1921 sed
884 1865 1033 1940 pleraque

148 1947 258 2020 lignea,
284 1946 409 2003 collecta
430 1963 467 2001 cx
488 1946 622 2018 tuguriis
643 1945 855 2002 Numidarum.
899 1945 950 2004 Ad
972 1945 1034 2004 hoe

148 2026 294 2082 finitumis
315 2026 453 2100 imperat,
469 2025 522 2099 qui
538 2043 570 2082 se
592 2031 663 2099 post
678 2027 759 2100 regis
775 2025 880 2099 fugam
901 2024 1033 2084 Metello

148 2107 303 2175 dederant,
321 2123 411 2178 quam
428 2104 605 2180 plurumum
621 2106 749 2180 quisque
765 2124 862 2180 aquae
878 2112 1033 2181 portaret;

118 2200 124 2206 “
149 2188 228 2243 diem
244 2186 410 2260 locumque,
428 2185 480 2241 uhi
496 2192 620 2260 praesto
636 2187 758 2256 fuerint,
774 2187 941 2260 praedicit;
963 2187 1032 2262 ipse

36 2317 40 2322 .
96 2269 186 2324 25ex
214 2265 345 2335 flumine,
371 2284 463 2341 quam
485 2284 664 2340 proxumam
688 2267 797 2342 oppido
820 2285 931 2342 aquam
960 2284 1032 2324 esse

148 2365 240 2421 supra
255 2347 396 2415 diximus,
409 2347 548 2419 jumenta
559 2352 679 2404 onerat:
703 2365 738 2404 eo
753 2347 844 2403 modo
859 2347 1032 2404 instructus

135 2429 187 2485 *ad
210 2427 338 2484 Thalam
366 2427 573 2501 proficiscitur.
618 2427 736 2484 Deinde
760 2427 812 2483 ubi
842 2427 880 2484 ad
909 2426 941 2483 id
969 2427 1032 2484 loci

148 2514 282 2577 ventum,
300 2525 358 2581 quo
375 2507 520 2564 Numidis
541 2513 748 2582 praeceperat,
765 2512 796 2563 et
809 2513 910 2564 castra
923 2508 1032 2582 posita

148 2589 326 2663 munitaque
342 2593 421 2657 eunt,
435 2593 522 2644 tanta
536 2595 661 2662 repente
671 2588 754 2646 caelo
765 2587 859 2643 missa
868 2588 915 2644 vis
931 2607 1031 2662 aquae

96 2672 133 2726 30
149 2669 268 2736 dicitur,
285 2674 319 2725 ut
341 2685 376 2724 ca
398 2668 488 2724 modo
510 2669 656 2725 exercitui
679 2668 755 2724 satis
777 2685 924 2742 superque
940 2669 1028 2726 foret.

151 2749 313 2805 Praeterea
335 2754 523 2806 commeatus
545 2767 597 2823 spe
614 2749 750 2824 amplior,
768 2749 840 2822 quia
861 2748 1027 2820 Numidae,

150 2829 239 2886 sicuti
254 2828 389 2904 plerique
401 2829 433 2886 in
448 2846 528 2885 nova
537 2829 698 2898 deditione,
710 2829 806 2886 officia
818 2827 1024 2887 intenderant.

152 2910 294 2968 Ceterum
318 2909 429 2966 milites
449 2910 597 2983 religione
613 2910 719 2984 pluvia
736 2908 835 2982 magis
855 2909 912 2978 usi,
929 2927 1029 2984 eaque

149 3009 198 3048 res
219 2990 349 3046 multum
371 2990 482 3046 animis
498 3008 601 3047 eorum
623 2990 759 3046 addidit:
782 3007 854 3045 nam
870 2989 935 3045 rati
958 3008 1027 3047 sese

98 3073 134 3127 35
150 3071 197 3127 dis
220 3065 441 3127 immortalibus
465 3088 554 3127 curae
576 3088 652 3127 esse.
696 3070 814 3127 Deinde
835 3076 956 3143 postero
979 3071 1029 3128 die

153 3156 258 3207 contra
273 3150 445 3224 opinionem
458 3151 479 3208 J
481 3150 632 3222 ugurthae
645 3151 682 3206 ad
695 3149 823 3206 Thalam
836 3150 1027 3223 perveniunt.

152 3229 313 3304 Oppidani,
330 3230 380 3302 qui
405 3248 436 3285 se
452 3230 586 3286 locorum
603 3230 767 3304 asperitate
783 3231 918 3286 munitos
934 3231 1030 3286 credi-

153 3309 268 3375 derant,
292 3325 405 3380 magna
430 3315 522 3382 atque
552 3309 677 3364 insolita
702 3307 736 3364 're
766 3309 905 3381 perculsi,
929 3309 1029 3368 nihilo

153 3387 276 3460 segnius
292 3386 405 3443 bellum
418 3405 543 3462 pararc;
566 3388 646 3444 idem
662 3387 758 3443 nostri
774 3387 878 3445 facere.
