2344 3722
291 185 338 232 nn
363 183 656 233 1111111111111
681 185 899 234 curramus.
1003 171 1065 235 115

133 348 219 401 tare:
255 342 327 402 “At
339 345 426 418 eg0,'’
445 343 552 419 inquit,
575 345 696 415 “vobis
713 344 739 401 si
760 345 850 402 modo
866 345 923 402 viri
944 362 1011 403 esse

134 425 239 493 voltis,
255 424 402 480 rationem
419 425 587 494 ostendam,
598 443 658 498 qua
672 431 759 482 tanta
773 425 834 482 ista
848 425 929 482 mala
942 425 1012 482 effu·

134 504 260 578 giatis”
302 503 387 560 Haec
408 503 459 561 ubi
474 504 558 574 dixit,
580 505 763 578 Allobroges
785 505 816 561 in
838 523 1011 562 maxumam

135 599 223 658 spem
238 584 360 641 adducti
376 583 565 640 Umbrenum
581 602 675 652 orare,
692 590 726 641 ut
741 583 788 641 sui
804 585 1010 643 misereretur:

135 662 213 719 nihil
228 668 290 719 tam
307 680 445 738 asperum
458 683 554 738 neque
564 669 627 721 tam
640 664 757 722 difficile
767 683 843 735 esse,
854 666 935 740 quod
950 683 1011 722 non
1046 667 1063 724 5

135 743 342 817 cupidissume
363 743 471 800 facturi
492 749 603 815 essent,
626 745 757 802 dumea
783 762 832 802 res
854 746 1011 803 civitatem

135 840 205 880 aere
221 823 318 879 alieno
339 823 488 881 liberaret.
532 824 588 881 Ille
609 843 662 882 eos
682 826 714 882 111
729 825 852 882 domum
869 825 905 882 D.
922 824 1010 882 Bruti

134 903 281 978 perducit,
302 904 383 976 quod
411 903 475 961 foro
502 905 673 980 propinqua
698 910 765 963 erat
794 923 891 980 neque
912 905 1012 962 aliena

106 983 243 1040 ‘consili
263 989 386 1058 propter
407 983 635 1058 Semproniam
657 1002 728 1041 nam
750 991 816 1042 tum
837 985 950 1042 Brutus
973 984 1011 1041 ab

136 1062 238 1120 Roma
259 1063 370 1120 aberat.
414 1063 578 1122 Praeterea
600 1064 765 1123 Gabinium
795 1066 929 1136 arcessit,
952 1083 1011 1140 quo
1028 1066 1064 1121 lo

135 1144 234 1217 major
262 1144 426 1201 auctoritas
454 1145 586 1202 sermoni
613 1146 736 1202 inesset,
779 1145 825 1202 Eo
852 1151 1011 1220 praesente

135 1223 373 1297 conjurationem
386 1225 491 1300 aperit,
501 1224 639 1282 nominat
651 1225 758 1296 socios,
767 1231 926 1300 praeterea
938 1224 1012 1281 mul-

134 1309 186 1360 tos
201 1306 345 1379 cujusque
367 1305 487 1378 generis
508 1304 657 1375 innoxios,
679 1323 739 1380 quo
761 1305 871 1380 legatis
892 1305 1012 1362 animus

136 1384 268 1458 amplior
288 1389 377 1442 esset.
421 1384 537 1442 Deinde
552 1402 605 1442 eos
619 1385 771 1462 pollicitos
786 1403 909 1460 operam
924 1401 1012 1441 suam

136 1465 261 1521 domurn
277 1464 411 1522 dimittit,
1029 1463 1065 1520 15

180 1547 225 1602 41.
250 1544 310 1602 Sed
325 1545 509 1619 Allobroges
524 1543 577 1602 diu
590 1545 623 1602 in
637 1544 751 1603 incerto
771 1544 912 1614 habuere,
929 1543 1014 1620 quid-

137 1641 211 1680 nam
226 1625 330 1682 consili
343 1630 492 1699 caperent.
536 1625 573 1682 In
589 1625 683 1683 altera
696 1631 782 1701 parte
797 1632 863 1682 erat
878 1642 930 1684 aes
946 1624 1013 1680 alie

137 1723 222 1776 num,
233 1706 366 1762 studium
375 1705 454 1774 belli,
465 1723 578 1778 magua
586 1723 701 1762 merces
710 1706 741 1761 in
752 1723 805 1780 spe
816 1705 969 1773 victoriae,
982 1709 1014 1760 11

136 1785 171 1842 in
181 1785 277 1842 111111
291 1787 419 1859 majores
434 1801 515 1858 opes),
528 1791 596 1842 tuta
611 1785 747 1855 consilia,
762 1803 816 1861 pro
831 1785 946 1842 incerta
961 1802 1014 1858 spe

137 1869 223 1921 certa
237 1865 378 1938 praemia.
422 1863 508 1922 Haec
521 1865 582 1921 illis
594 1865 788 1922 volventibus
803 1866 926 1922 tandem
940 1864 1014 1921 vicit
1030 1863 1067 1918 20

138 1944 263 2001 fortuna
277 1945 318 2001 rei
332 1944 478 2020 publicae.
513 1943 622 2019 Itaque
633 1945 667 2018 Q.
677 1945 773 2002 Fabio
790 1945 920 2019 Sangae,
931 1945 1015 2016 cujus

137 2025 308 2100 patrocinio
323 2025 432 2081 civitas
446 2024 620 2098 plurumum
633 2025 784 2096 utebatur,
799 2043 862 2081 rem
885 2041 1012 2092 omnem,

139 2105 188 2160 1111
216 2109 429 2179 cognoverant,
460 2105 606 2178 aperiunt.
651 2103 766 2176 Cicero,
795 2122 850 2179 per
879 2103 1014 2176 Sangam

139 2184 268 2242 consilio
283 2184 411 2258 cognito,
429 2183 540 2257 legatis
551 2184 707 2258 praecipit,
720 2191 754 2242 ut
768 2185 902 2241 studium
918 2185 1016 2257 conju-

139 2264 270 2321 rationis
285 2263 479 2320 vehementer
501 2263 654 2334 simulent,
670 2271 787 2321 ceteros
803 2264 923 2334 adeant,
939 2263 1015 2319 bene
1032 2265 1068 2320 25

138 2343 349 2420 polliceantur,
366 2344 497 2418 dentque
507 2360 638 2419 operam,
650 2345 695 2400 uti
706 2361 759 2401 eos
771 2361 862 2419 quam
874 2361 1015 2400 maxume

139 2425 321 2482 manifestos
336 2423 479 2481 habeant.
734 2421 736 2427 ’

186 2507 231 2560 la.
254 2504 357 2561 Isdem
386 2503 450 2560 fere
475 2503 665 2578 temporibus
693 2503 725 2559 in
749 2501 852 2562 Gallia
880 2503 1016 2560 citeriore

141 2589 235 2658 atque
245 2584 394 2654 ulteriore,
407 2583 481 2639 item
497 2583 527 2640 in
543 2600 616 2657 agro
628 2583 750 2653 Picen0,
761 2583 891 2654 Bruttio,
904 2583 1019 2656 Apulia

139 2669 246 2721 motus
266 2669 337 2721 1111.
381 2663 522 2737 Namque
537 2663 590 2732 illi,
606 2680 682 2738 quos
698 2669 768 2720 ante
785 2663 918 2722 Oatilina
933 2662 1019 2718 dimi·
1033 2665 1070 2719 30

140 2749 234 2812 serat,
257 2743 425 2801 inconsulte
454 2761 488 2799 ac
510 2743 604 2799 veluti
631 2760 685 2818 per
706 2743 887 2800 dementiam
910 2746 1018 2798 cuncta

140 2824 234 2881 simul
255 2826 402 2898 agebant,
423 2824 580 2880 nocturnis
595 2822 738 2894 consiliis
755 2839 907 2879 armorum
929 2829 1018 2896 atque

138 2904 272 2962 telorum
293 2903 526 2978 portationibus,
543 2902 723 2972 festinando,
740 2903 885 2978 agitando
906 2901 1016 2970 omnia,

138 2983 214 3060 plus
223 2985 340 3041 timoris
350 3002 442 3058 quam
454 2983 580 3058 periculi
589 2981 755 3040 effecerant.
793 2982 840 3039 Ex
851 3001 886 3039 eo
895 2998 1018 3038 numero

139 3064 314 3138 complures
328 3065 361 3136 Q.
375 3063 520 3120 Metellus
537 3061 624 3120 Oeler
635 3069 757 3137 praetor
765 3081 803 3119 ex
818 3067 943 3119 senatus
953 3078 1020 3117 oon·
1035 3062 1072 3117 35

139 3144 234 3211 saltu,
251 3162 343 3201 causa
358 3144 488 3217 cognita,
509 3143 540 3198 in
555 3142 678 3198 vincula
693 3145 880 3217 conjecerat3
901 3141 974 3197 item
989 3141 1020 3196 in

140 3223 281 3282 citeriore
298 3223 446 3306 Gallia-O.
461 3223 598 3293 Murena,
610 3222 662 3297 qui
673 3223 701 3278 ei
716 3222 890 3296 provinciae
899 3221 1020 3295 legatus

139 3310 290 3381 praeerat.
311 3286 415 3359 soa.)

186 3386 233 3442 43.
255 3383 428 3442 Δ1111111111
438 3381 589 3439 Lentulus
599 3398 667 3436 curn
679 3380 857 3454 ceterisqui
873 3380 1021 3456 principos
