2322 3718
91 124 154 189 104
383 136 413 184 e.
429 135 612 183 sannusm
638 134 760 182 omsrr

472 231 542 268 ..cr-⁴
565 235 594 258 vs·
607 197 698 264 caim
717 226 799 257 ww

143 297 193 367 sit,
202 295 262 353 nisi
272 300 392 354 nosmet
403 295 462 370 ipsi
472 295 663 353 vindicamus
674 295 704 351 in
716 294 900 354 libertatem.
945 295 1031 353 Nam

141 375 1032 452 postquamrespublicainpcucorumpotentiumjusatque

143 458 294 515 dicionem
316 456 475 525 concessit,
500 473 620 531 semper
640 455 701 512 illis
729 473 827 530 reges,
854 457 1031 514 tetrarchae

144 536 310 611 vectigales
325 553 401 606 esse,
417 536 531 612 populi,
549 535 689 593 nationes
705 535 856 611 stipendia
875 537 1031 612 pendere;

110 620 127 677 5
143 617 234 676 ceteri
251 635 366 685 omnes,
384 616 508 686 strenui,
524 615 605 686 boni,
622 615 739 673 nobiles
755 621 846 692 atque
861 617 1031 691 ignobiles

143 697 255 772 volgus
276 697 390 754 fuimus
411 697 476 753 sine
497 695 689 771 gratiamne
710 696 899 762 auctoritate,
915 697 960 754 eis
977 697 1033 753 ol»

142 778 233 848 noxii,
250 777 369 852 quibus,
387 777 413 834 si
429 793 477 833 res
498 775 621 850 publica
634 775 759 847 valeret,
776 777 930 834 formidini
946 794 1034 834 esse-

141 875 217 916 mus.
261 857 370 933 ltaque
386 857 486 914 omnis
502 855 610 932 gratia,
621 856 767 932 potentia,
778 857 884 927 hence,
895 857 1032 915 divitiae

143 938 223 1014 apud
245 938 314 994 illos
336 943 417 1008 sunt,
435 943 488 994 aut
507 935 558 994 ubi
572 936 616 993 illi
631 937 753 1010 volunt3
774 937 863 994 nobis
877 937 1031 1012 reliquere

91 1021 127 1077 10
143 1017 283 1093 pericula,
298 1017 446 1092 repulsae,
458 1017 583 1091 judicia,
594 1021 774 1092 egestatem.
819 1017 904 1090 Quae
913 1035 1030 1092 quous-

144 1117 202 1173 que
237 1099 361 1155 tandem
389 1097 549 1172 patiemini
578 1096 745 1155 fortissumi
775 1095 857 1156 viri?
912 1097 1030 1156 Nonne

143 1179 236 1236 emori
257 1197 310 1253 per
327 1179 474 1235 virtutem
497 1182 633 1252 praestat
652 1195 743 1252 quam
761 1177 858 1234 vitam
879 1179 1030 1236 miseram

144 1265 233 1334 etque
262 1257 464 1329 inhonestam,
488 1258 539 1315 ubi
562 1257 678 1314 alienae
708 1259 868 1332 superbiae
893 1255 1093 1326 ludibriofl·=

144 1338 246 1409 fueris,
269 1356 322 1415 per
347 1338 479 1396 dedecus
509 1335 670 1396 amittere?
713 1337 828 1395 Verum
857 1339 1027 1411 enimver0,

92 1420 127 1478 15
142 1437 197 1495 pro
212 1421 303 1477 deum
326 1425 417 1493 atque
435 1417 592 1476 hominum
614 1417 712 1488 fidem,
730 1418 856 1476 victoria
877 1419 908 1475 in
929 1437 1030 1477 manu

144 1500 231 1556 vobis
252 1506 307 1569 est,
330 1499 415 1574 viget
444 1504 539 1568 aetas,
563 1498 683 1555 animus
704 1497 806 1573 valet3
833 1503 939 1557 contra
961 1498 1029 1558 illis

100 1631 119 1637 .,
131 1579 231 1636 annis
247 1586 338 1655 atque
355 1579 472 1638 divitiis
488 1579 590 1636 omnia
606 1585 835 1637 consenuerunt.
879 1578 1029 1637 Tantum-

144 1660 234 1717 modo
256 1661 378 1735 incepto
394 1677 472 1734 opus
492 1665 559 1734 est;
582 1665 682 1717 cetere
696 1676 744 1716 res
759 1659 908 1735 expediet.
952 1659 1029 1718 Ete-

144 1740 206 1797 nim
216 1741 284 1815 quis
299 1740 483 1809 mortalium,
495 1741 543 1798 cui
553 1739 641 1797 virile
656 1739 813 1814 ingenium
827 1747 883 1811 est,
895 1741 1027 1799 tolerare

91 1823 128 1878 20
144 1826 253 1896 potest,
275 1821 335 1878 illis
358 1820 484 1878 divitias
507 1838 658 1897 superare,
681 1837 757 1895 quas
785 1821 970 1896 profundant
991 1822 1027 1880 in

144 1901 328 1958 exstruendo
358 1901 435 1958 mari
464 1907 496 1960 et
517 1901 675 1958 montibus
700 1901 913 1975 coaequandis,
935 1903 1027 1960 nobis

144 1997 208 2038 rem
234 1981 414 2038 familiarem
429 1982 524 2039 etiam
539 1982 578 2039 ad
593 1981 765 2039 necessaria
780 1979 905 2038 deesse?
947 1980 1117 2062 Illos,„,;
1147 2033 1151 2040 ,

144 2062 233 2118 binas
255 2069 308 2118 aut
329 2061 461 2138 amplius
483 2063 590 2120 domos
611 2061 798 2131 continuare,
819 2060 907 2118 nobis
928 2060 1124 2118 racemum

146 2141 326 2198 familiarem
355 2159 507 2216 nusquam
536 2141 632 2198 ullum
659 2139 749 2199 esse?
791 2106 872 2200 'Cum
893 2141 1025 2212 tabulas,

92 2223 129 2279 25
146 2222 242 2296 signa,
260 2229 430 2279 toreumata
451 2228 564 2292 emunt,
581 2239 662 2280 nova
686 2222 819 2292 diruunt,
842 2222 903 2279 alia
925 2220 1027 2279 aedifi-

145 2311 223 2372 cant,
248 2308 402 2378 postremo
424 2303 566 2360 omnibus
588 2303 687 2360 modis
709 2302 869 2378 pecuniam
887 2302 1025 2373 trahunt,

146 2391 265 2452 vexant,
277 2389 379 2440 tamen
396 2401 517 2441 summa
533 2383 667 2440 lubidine
679 2383 806 2440 divitias
822 2400 894 2440 snas
905 2383 1026 2440 vincere

145 2469 307 2538 nequeunt.
352 2463 397 2520 At
412 2463 499 2520 nobis
514 2469 562 2520 est
577 2463 682 2520 domi
675 2464 788 2556 propia,
800 2464 873 2520 foris
889 2481 941 2521 aes
956 2463 1028 2520 alie-

146 2562 228 2612 num,
249 2544 331 2600 mala
351 2560 408 2613 res,
426 2561 496 2619 spes
516 2544 613 2601 multo
582 2544 786 2620 tasperior3
808 2543 936 2618 denique
950 2543 1027 2618 quid

93 2626 130 2681 30
146 2624 253 2699 reliqui
276 2623 423 2680 habemus
445 2633 564 2699 praeter
583 2623 725 2681 miseram
741 2621 899 2681 animam?
943 2624 1027 2697 Quin

147 2705 241 2796 igitur
262 2702 535 2779 expergiscimini?
579 2703 710 2774 Enilla,
737 2703 798 2775 illa,
821 2722 1026 2780 quamsaepe

147 2773 285 2878 pptastis,
308 2785 441 2856 libertas,
467 2791 626 2861 praeterea
646 2785 781 2855 divitiae,
804 2784 905 2855 decue,
928 2784 1028 2858 gloria

147 2866 178 2922 in
202 2865 297 2923 oculis
320 2866 380 2923 sita
401 2872 480 2924 sunt
525 2866 663 2924 Fortuna
683 2865 787 2930 omnia
806 2883 843 2922 ea
858 2863 1028 2922 victoribus

146 2947 284 3022 praemia
312 2946 422 3020 posuit.
475 2946 547 3016 Res,
570 2953 701 3021 tempus,
727 2946 867 3021 pericula,
895 2950 1027 3018 egestas

95 3028 131 3084 35
147 3026 218 3084 belli
241 3026 338 3100 spolia
360 3026 522 3100 magnifica
542 3027 642 3100 magis
657 3044 748 3101 quam
770 3025 867 3083 oratio
888 3041 956 3082 mea
970 3041 1029 3081 vos

149 3107 316 3164 hortantur.
361 3106 420 3162 Vel
443 3106 624 3180 imperatore
642 3106 689 3162 vel
711 3106 806 3163 milite
822 3123 870 3163 me
885 3103 1004 3162 utimini
1020 3125 1029 3178 3

148 3204 245 3258 neque
270 3186 391 3241 animus
411 3203 509 3259 neque
529 3201 637 3260 corpus
654 3204 671 3242 a
686 3185 771 3242 vobis
792 3186 895 3243 aberit.
941 3185 1031 3242 Haec

149 3265 224 3337 ipsa,
242 3271 277 3320 ut
292 3281 389 3338 spero,
404 3262 560 3322 vobiscum
576 3281 637 3321 una
651 3265 755 3322 consul
772 3283 871 3339 agam,
883 3265 941 3321 nisi
952 3263 1031 3322 forte
