2346 3718
372 147 401 192 0.
418 143 599 191 SALLUSTI
627 142 749 189 CRISPI

176 310 220 364 43.
246 305 322 361 Post
338 303 411 359 Auli
434 302 540 359 foedus
567 300 775 375 exercitusque
790 300 886 357 nostri
908 299 1031 356 foedam

149 388 252 461 fugam
270 383 413 440 Metellus
429 389 460 438 et
477 382 608 450 Silanus,
626 380 765 437 consules
782 380 945 454 designati,
962 397 1032 453 pro-

148 466 262 522 vincias
285 464 364 519 inter
396 480 427 518 se
450 463 647 537 paraverant,
673 460 856 535 Metelloque
880 460 1032 516 Numidia

147 551 300 614 evenerat,
311 544 371 600 acri
382 542 447 598 viro
463 550 493 598 et
503 559 688 616 quamquam
701 542 830 597 advorso
844 540 948 616 populi
964 557 1033 613 par-

113 628 232 695 5tium,
254 625 336 681 fama
357 628 461 679 tamen
485 623 635 696 aequabili
664 627 694 677 et
715 620 871 678 inviolata.
916 621 949 677 Is
977 619 1031 676 ubi

145 707 277 782 primum
300 705 517 778 magistratum
533 702 690 776 ingressus
705 706 761 771 est,
779 701 838 757 alia
854 701 956 757 omnia
971 700 1033 756 sibi

146 805 215 844 cum
238 785 354 859 collega
376 790 469 855 ratus
498 783 535 839 ad
559 782 670 838 bellum
694 781 775 856 quod
800 787 944 855 gesturus
965 789 1034 836 erat

147 868 283 924 animum
305 865 445 922 intendit.
492 864 593 938 Igitur
619 861 756 918 diffidens
773 862 866 918 veteri
883 861 1033 916 exercitui

148 949 261 1004 milites
277 947 414 1014 scribere,
430 944 584 1020 praesidia
600 943 734 1018 undique
757 959 917 1010 arcessere,
935 958 1031 1010 arma,

96 1031 132 1086 10
153 1029 222 1098 tela,
238 1045 338 1102 equos·
356 1032 387 1083 et
412 1035 512 1082 cetera
537 1024 739 1080 instrumenta
762 1022 889 1078 militiae
913 1039 1032 1096 parare,

148 1109 187 1165 ad
203 1109 259 1164 hoe
274 1113 477 1164 commeatum
494 1105 616 1173 affatim,
631 1104 760 1177 denique
777 1103 888 1169 omnia,
905 1121 982 1176 quae
998 1103 1034 1158 in

146 1189 225 1245 bello
234 1188 316 1244 vario
324 1194 354 1244 ct
364 1187 529 1242 multarum
539 1202 639 1240 rerum
650 1184 752 1258 egenti
762 1184 831 1240 usui
844 1201 911 1239 esse
921 1183 1031 1240 solent.

149 1269 291 1327 Ceterum
314 1268 352 1325 ad
376 1285 412 1322 ea
432 1266 583 1340 patranda
605 1274 731 1321 senatus
753 1265 941 1333 auctoritate,
956 1265 1033 1320 socii

147 1366 316 1422 nomenque
333 1347 477 1404 Latinum
493 1355 524 1402 et
539 1363 627 1420 reges
644 1346 725 1402 ultro
743 1345 855 1401 auxilia
871 1345 1032 1414 mittendo,

97 1432 131 1487 15
146 1437 300 1506 postremo
316 1428 414 1484 omnis
430 1426 539 1483 civitas
563 1444 681 1482 summo
706 1426 806 1482 studio
827 1425 1031 1483 adnitebatur.

148 1511 255 1584 Itaque
277 1527 315 1565 ex
336 1508 487 1564 sententia
503 1507 643 1563 omuibus
666 1507 756 1562 rebus
780 1507 897 1580 paratis
912 1524 1035 1581 compo-

148 1591 283 1664 sitisque,
300 1588 332 1644 in
347 1587 525 1644 Numidiam
542 1587 751 1662 proficiscitur,
770 1605 883 1661 magna
898 1604 950 1662 spe
961 1587 1036 1644 civi-

148 1689 208 1738 um,
225 1687 293 1726 cum
315 1674 438 1742 propter
460 1676 541 1724 artes
564 1668 668 1738 bonae,
694 1674 759 1724 tum
786 1686 927 1725 maxume
950 1669 1034 1744 quod

149 1751 313 1807 advorsum
342 1749 467 1804 divitias
496 1748 646 1804 invictum
678 1750 814 1805 animum
843 1749 976 1824 gerebat,
1001 1756 1035 1806 et

96 1833 134 1888 20
150 1830 279 1886 avaritia
297 1829 533 1903 magistratuum
549 1835 619 1885 ante
643 1829 673 1885 id
689 1837 809 1904 tempus
824 1829 863 1886 'in
885 1830 1035 1887 Numidia

148 1918 270 1967 nostrae
286 1927 358 1982 opes
373 1915 517 1966 contusae
534 1909 728 1984 hostiumque
745 1917 851 1967 auctae
867 1917 960 1967 erant.

184 1994 229 2047 44.
255 1990 313 2048 Sed
325 1990 375 2046 ubi
384 1989 415 2044 iu
423 1989 561 2046 Africam
572 1990 666 2059 veuit,
678 1991 828 2047 exercitus
836 1992 862 2047 ei
873 1993 1005 2048 traditur
1015 2011 1035 2049 a

151 2071 200 2146 Sp.
211 2071 323 2128 Albino
338 2071 518 2144 proconsule
535 2071 624 2140 iners,
642 2070 781 2140 imbellis
794 2090 890 2148 neque
905 2073 1034 2148 periculi

149 2169 246 2226 neque
256 2151 368 2207 laboris
381 2151 510 2225 petione,
520 2151 626 2224 lingua
639 2169 729 2226 quam
747 2170 838 2208 uranu
853 2155 1033 2229 promptior,

98 2235 133 2290 25
151 2233 313 2306 praedator
327 2249 365 2287 ex
380 2231 471 2288 sociis
486 2237 517 2287 et
533 2231 598 2306 ipse
614 2232 727 2306 praeda
744 2233 886 2301 hostiurn,
900 2235 964 2292 sine
980 2236 1036 2291 im-

150 2313 231 2387 perio
247 2319 278 2368 et
288 2311 579 2368 modestiahabitus.
625 2312 675 2368 Ita
689 2313 862 2387 imperatori
875 2333 954 2372 novo
964 2317 1035 2390 plus

149 2391 1034 2470 exuralismoribussollicitudinisquamexcopiamilitum

151 2473 243 2529 auxili
254 2478 307 2528 aut
317 2473 381 2545 spei
391 2472 488 2528 bonae
501 2473 672 2531 accedebat.
719 2474 836 2532 Statuit
852 2481 952 2532 tamen
970 2477 1035 2532 Me-

150 2553 248 2622 telluS,
260 2571 444 2627 quamquam
456 2560 486 2609 et
503 2554 692 2610 aestivorum
703 2559 823 2629 tempus
839 2557 1034 2612 comitiorum

97 2637 134 2691 30
151 2633 1036 2709 moraimminuerat,etexspectationeeventusciviumani-

149 2714 1034 2792 mosintentosputabatnonpriusbellumattingerequam

150 2795 297 2868 majorum
308 2793 470 2868 disciplina
481 2794 592 2851 milites
603 2795 740 2851 laborare
749 2797 906 2869 coegisset.
951 2797 979 2853 N
984 2817 1034 2854 am

151 2874 292 2940 Albinus,
311 2874 385 2930 Auli
407 2875 511 2931 fratris
526 2875 735 2950 exercitusque
759 2876 843 2932 clade
864 2878 1032 2951 perculsus,

150 2964 312 3028 postquam
324 2955 501 3012 decreverat
516 2974 575 3012 non
586 2956 689 3028 egredi
705 2957 871 3030 provincia,
883 2965 1034 3031 quantum

97 3035 134 3092 35
152 3035 1035 3111 temporisaestivoruminimperiofuitplerumquemilites

151 3115 274 3171 stativis
285 3117 393 3172 castris
401 3116 540 3182 habebat,
549 3117 608 3172 uisi
619 3133 685 3171 cum
695 3118 768 3172 odos
777 3117 938 3191 autpabuli
949 3137 1035 3191 eges-

151 3200 201 3251 tas
211 3196 310 3251 locum
321 3203 439 3252 mutare
448 3197 618 3270 subegerat.
644 3195 703 3252 Sed
713 3215 807 3271 neque
818 3199 1035 3256 muniebantur

151 3293 196 3342 ea,
214 3293 309 3350 neque
333 3293 415 3332 inore
431 3275 555 3332 militari
571 3276 697 3348 vigiliae
719 3278 959 3335 deducebantur:
988 3281 1034 3336 uti

151 3355 257 3428 cuique
270 3355 401 3425 lubebat,
416 3357 453 3412 ab
465 3356 562 3429 signis
572 3357 694 3429 aberat,
711 3356 789 3412 lixae
799 3358 941 3432 permixti
963 3377 1034 3417 cum
