2346 3718
119 141 160 206 to
396 153 622 200 o.sanuusr1
648 153 770 200 omsPI

172 310 315 369 simulet
338 311 537 380 nobilitatem,
560 311 605 367 uti
629 315 838 382 consueverat,
862 312 1045 386 exagitandi,

171 392 346 449 concionem
357 391 462 466 populi
479 391 649 448 advocavit.
678 387 798 448 Deinde
814 390 871 448 hoc
885 393 977 450 modo
992 393 1048 449 dis

172 473 281 529 seruit:
624 525 626 530 .

214 555 259 609 85.
290 550 385 608 “Scio
408 569 471 626 ego,
497 550 640 623 Quirites,
663 550 823 626 plerosque
849 567 910 608 non
936 552 1049 608 eisdem

140 631 291 691 dantibus
327 631 486 706 imperium
518 649 536 687 a
565 631 653 686 vobis
683 637 786 706 petere
814 636 855 701 et,
886 640 1050 706 postquam

173 711 276 785 adepti
305 718 384 781 sunt,
409 729 534 786 gerere;
563 710 662 785 primo
687 711 864 780 industrios,
890 712 1049 787 supplices

173 791 309 849 modicos
323 809 399 861 esse,
412 791 482 848 dein
497 807 550 864 per
564 790 720 865 ignaviam
734 797 765 848 et
780 791 955 865 superbiam
972 799 1052 848 aeta·

174 878 237 928 tem
253 888 350 946 agere.
394 871 455 928 Sed
464 870 545 927 mihi
558 876 665 927 contra
685 889 722 928 ea
736 871 876 928 videtur:
899 889 969 928 nam
993 889 1052 947 quo

174 952 270 1026 pluris
281 957 328 1008 est
342 951 488 1008 univorsa
501 968 550 1007 res
564 951 687 1025 publica
701 969 793 1026 quem
806 951 985 1008 consulatus
1002 955 1054 1008 ant

123 1033 159 1089 10
174 1037 323 1108 praetura,
339 1050 375 1089 eo
389 1034 502 1106 majore
521 1048 594 1088 cura
616 1031 702 1088 illam
728 1030 938 1088 administrari
960 1049 1054 1106 quam

176 1112 249 1169 haee
265 1113 328 1185 peti
346 1111 463 1169 debere.
507 1111 614 1187 Neque
637 1129 686 1168 me
709 1111 795 1180 fallit,
813 1118 963 1186 quantum
986 1129 1054 1168 cum

175 1209 318 1249 maxumo
330 1191 473 1249 beneficio
485 1200 589 1249 vostro
600 1193 706 1265 negoti
721 1191 899 1248 sustineam.
930 1191 1055 1249 Bellum

174 1289 280 1347 parare
302 1271 390 1329 simul
405 1279 437 1329 et
452 1271 567 1329 aerario
588 1288 718 1346 parcere,
735 1288 842 1346 cogere
858 1271 896 1328 ad
913 1271 1057 1328 militiam

175 1371 235 1423 eos,
252 1369 328 1428 quos
350 1352 429 1410 nolis
454 1352 613 1422 offendere,
630 1352 713 1408 domi
734 1352 867 1426 forisque
888 1352 992 1408 omnia
1010 1370 1058 1411 cu-

123 1433 159 1490 15
174 1450 248 1504 rare,
264 1440 296 1490 et
315 1451 352 1489 ea
373 1450 461 1507 agere
483 1433 562 1490 inter
583 1433 715 1504 invidos,
731 1439 935 1503 occursantes,
952 1433 1059 1490 factio-

176 1531 235 1584 soS,
248 1513 399 1588 opinione,
413 1513 555 1585 Quirites,
569 1513 706 1586 asperius
716 1518 771 1569 est.
815 1513 867 1570 Ad
883 1512 948 1584 hoo,
961 1513 1016 1570 alii
1032 1514 1058 1570 si

177 1594 338 1669 deliquere,
364 1599 454 1651 vetus
482 1593 636 1663 nobilitas,
662 1593 813 1671 majorum
842 1592 934 1650 fortia
962 1594 1057 1664 facta,

177 1680 376 1748 cognatorum
404 1679 436 1730 et
465 1673 610 1730 adfinium
639 1690 721 1746 opes,
748 1672 863 1730 multae
886 1672 1057 1744 clientelae,

176 1755 279 1812 omnia
294 1754 367 1812 haec
381 1754 536 1829 praesidio
554 1754 683 1810 adsunt:
707 1754 781 1810 mihi
805 1770 875 1828 spes
896 1771 1003 1810 omnes
1025 1755 1060 1811 in

124 1835 161 1892 20
176 1841 289 1892 memet
302 1835 389 1905 sitae,
405 1853 481 1909 quas
504 1851 627 1891 necesse
643 1838 690 1890 est
704 1834 819 1890 virtute
834 1839 865 1890 et
879 1833 1061 1891 innocentia

176 1915 286 1988 tutari3
308 1933 379 1971 nam
395 1914 589 1971 aliainlirma
612 1919 692 1970 sunt.
737 1911 780 1970 Et
805 1913 881 1970 illud
905 1913 1058 1988 intelligo,

179 1996 323 2068 Quirites
339 1995 475 2052 omnium
490 2012 542 2052 ora
556 1995 587 2051 in
603 2011 650 2050 me
666 2011 816 2052 convorsa
831 2011 915 2067 esse3
940 2012 1060 2068 aequos

177 2074 331 2151 bonosque
346 2076 457 2141 favere,
469 2076 580 2150 quippe
596 2092 664 2130 mea
675 2075 751 2130 bene
765 2075 846 2130 facta
857 2075 900 2130 rei
915 2074 1060 2148 publicae

178 2157 354 2230 procedunt,
376 2156 567 2212 nobilitatem
592 2155 692 2210 locum
714 2154 880 2211 invadendi
902 2171 1059 2228 quaerere.

125 2237 161 2292 25
179 2239 247 2309 Quo
272 2236 348 2293 mihi
375 2237 474 2294 aerius
501 2235 701 2292 adnitendum
725 2239 780 2304 est,
805 2235 848 2290 uti
877 2252 975 2309 neque
1000 2253 1061 2292 vos

178 2317 338 2392 capiamini
353 2322 384 2374 et
399 2317 442 2373 illi
458 2317 573 2373 frustra
587 2315 657 2372 sint.
700 2314 750 2371 Ita
766 2314 803 2370 ad
826 2313 883 2371 hoe
906 2313 1018 2370 aetatis
1042 2333 1061 2372 a

177 2397 307 2473 pueritia
321 2397 373 2466 lui,
390 2397 434 2454 uti
449 2414 554 2453 omnes
574 2396 695 2452 labores
710 2403 740 2450 et
755 2394 888 2468 pericula
910 2400 1061 2452 consueta

178 2478 314 2535 habeam.
359 2479 444 2550 Quae
466 2482 537 2533 ante
552 2482 658 2532 vostra
678 2475 822 2531 beneficia
836 2474 970 2548 gratuito
987 2474 1060 2531 faei-

178 2559 275 2626 ebam,
288 2576 324 2615 ea
338 2558 383 2615 uti
400 2565 524 2631 accepta
538 2556 675 2613 mercede
690 2555 836 2624 deseram,
852 2573 914 2611 non
928 2561 976 2612 est
990 2572 1061 2611 con-

126 2640 164 2695 30
179 2638 291 2708 silium,
309 2637 454 2711 Quirites.
498 2636 566 2694 Illis
587 2635 706 2694 difficile
726 2641 774 2692 est
795 2635 827 2692 in
847 2635 1060 2710 potestatibus

179 2726 356 2794 temperare,
374 2718 425 2793 qui
440 2734 494 2794 per
509 2717 709 2774 ambitionem
724 2733 790 2772 sese
805 2717 916 2790 probos
933 2714 1061 2771 simula-

181 2817 270 2872 voro;
291 2799 374 2866 mihi,
392 2799 443 2873 qui
458 2815 578 2856 omnem
594 2803 728 2854 aetatem
743 2796 775 2852 in
790 2796 924 2871 optumis
940 2795 1060 2852 artibus

180 2881 237 2956 egi,
259 2880 334 2936 bene
357 2880 453 2936 facere
474 2881 540 2953 jam
561 2896 599 2935 ex
619 2876 838 2935 consuetudine
859 2875 891 2931 in
916 2880 1060 2932 naturam

182 2962 283 3016 vortit.
327 2959 448 3014 Bellum
462 2977 510 3015 me
527 2974 629 3030 gerere
644 2972 711 3010 cum
736 2955 756 3012 J
759 2955 892 3028 ugurtha
909 2954 1059 3028 jussistis,

104 3029 141 3084 35
155 3041 170 3082 'a
182 3057 271 3112 quam
284 3055 346 3093 rem
363 3036 507 3092 nobilitas
518 3051 695 3107 aegerrume
706 3034 785 3089 tulit.
830 3035 959 3104 Quaeso,
972 3051 1062 3107 repu-

197 3123 246 3172 ate
261 3133 330 3172 oum
352 3115 462 3170 animis
477 3113 599 3182 vostris,
615 3128 687 3166 num
703 3112 734 3166 id
749 3116 868 3166 mutare
884 3113 992 3168 melius
1008 3115 1060 3183 sit,

157 3182 318 3266 videquem
341 3209 379 3248 ex
401 3191 453 3247 illo
476 3190 567 3264 globo
590 3189 761 3245 nobilitatis
783 3189 821 3243 ad
837 3189 893 3245 hoo
908 3196 961 3246 aut
976 3192 1063 3249 alind

158 3262 196 3319 ad
212 3260 416 3341 Bouegotium
438 3268 579 3335 mittatis,
596 3266 748 3322 hominem
764 3267 876 3322 veteris
896 3270 1063 3342 prosapiae

158 3337 269 3417 popuIO
281 3335 398 3402 harum
412 3346 581 3418 imaginum
596 3349 627 3399 et
642 3343 753 3398 nullius
776 3344 921 3414 stipendi:
945 3347 1064 3406 scilicet
