<?xml version="1.0" encoding="UTF-8"?>
<!DOCTYPE html PUBLIC "-//W3C//DTD XHTML 1.0 Transitional//EN"
    "http://www.w3.org/TR/xhtml1/DTD/xhtml1-transitional.dtd">
<html xmlns="http://www.w3.org/1999/xhtml" xml:lang="en" lang="en">
 <head>
  <title>
</title>
<meta http-equiv="Content-Type" content="text/html;charset=utf-8" />
  <meta name='ocr-system' content='tesseract 3.04.00' />
  <meta name='ocr-capabilities' content='ocr_page ocr_carea ocr_par ocr_line ocrx_word'/>
</head>
<body>
  <div class='ocr_page' id='page_1' title='image "./csallusticrispi01stuagoog_0069.png"; bbox 0 0 2346 3718; ppageno 0'>
   <div class='ocr_carea' id='block_1_1' title="bbox 99 195 900 290">
    <p class='ocr_par' dir='ltr' id='par_1_1' title="bbox 99 195 900 290">
     <span class='ocr_line' id='line_1_1' title="bbox 99 195 900 290; baseline -0.014 -31"><span class='ocrx_word' id='word_1_1' title='bbox 99 197 147 290; x_wconf 57' lang='lat'>532</span> <span class='ocrx_word' id='word_1_2' title='bbox 383 207 413 254; x_wconf 88' lang='lat' dir='ltr'>e.</span> <span class='ocrx_word' id='word_1_3' title='bbox 431 205 614 254; x_wconf 77' lang='lat' dir='ltr'>sannusrr</span> <span class='ocrx_word' id='word_1_4' title='bbox 640 204 763 251; x_wconf 77' lang='lat' dir='ltr'>career</span> <span class='ocrx_word' id='word_1_5' title='bbox 891 195 900 222; x_wconf 85' lang='lat'><strong>¹</strong></span> 
     </span>
    </p>
   </div>
   <div class='ocr_carea' id='block_1_2' title="bbox 16 362 1046 3483">
    <p class='ocr_par' dir='ltr' id='par_1_2' title="bbox 158 362 1041 680">
     <span class='ocr_line' id='line_1_2' title="bbox 159 362 1040 441; baseline -0.003 -18"><span class='ocrx_word' id='word_1_6' title='bbox 159 366 286 424; x_wconf 89' lang='lat' dir='ltr'>adeum</span> <span class='ocrx_word' id='word_1_7' title='bbox 306 364 518 441; x_wconf 91' lang='lat' dir='ltr'>perhomines</span> <span class='ocrx_word' id='word_1_8' title='bbox 539 363 641 421; x_wconf 88' lang='lat' dir='ltr'>fideles</span> <span class='ocrx_word' id='word_1_9' title='bbox 667 364 772 432; x_wconf 89' lang='lat' dir='ltr'>mittit,</span> <span class='ocrx_word' id='word_1_10' title='bbox 795 362 826 418; x_wconf 94' lang='lat' dir='ltr'>in</span> <span class='ocrx_word' id='word_1_11' title='bbox 847 364 915 437; x_wconf 91' lang='lat' dir='ltr'>quis</span> <span class='ocrx_word' id='word_1_12' title='bbox 933 364 1040 420; x_wconf 77' lang='lat' dir='ltr'>mollit</span> 
     </span>
     <span class='ocr_line' id='line_1_3' title="bbox 159 444 1041 520; baseline -0.003 -17"><span class='ocrx_word' id='word_1_13' title='bbox 159 447 219 503; x_wconf 88' lang='lat' dir='ltr'>iam</span> <span class='ocrx_word' id='word_1_14' title='bbox 245 445 474 520; x_wconf 81' lang='lat' dir='ltr'>socordiamque</span> <span class='ocrx_word' id='word_1_15' title='bbox 498 444 554 500; x_wconf 88' lang='lat' dir='ltr'>viri</span> <span class='ocrx_word' id='word_1_16' title='bbox 578 461 728 513; x_wconf 87' lang='lat' dir='ltr'>accusare,</span> <span class='ocrx_word' id='word_1_17' title='bbox 749 445 856 500; x_wconf 90' lang='lat' dir='ltr'>testari</span> <span class='ocrx_word' id='word_1_18' title='bbox 882 445 963 514; x_wconf 89' lang='lat' dir='ltr'>deos,</span> <span class='ocrx_word' id='word_1_19' title='bbox 986 461 1041 519; x_wconf 92' lang='lat' dir='ltr'>per</span> 
     </span>
     <span class='ocr_line' id='line_1_4' title="bbox 159 523 1038 602; baseline -0.002 -20"><span class='ocrx_word' id='word_1_20' title='bbox 159 545 234 602; x_wconf 87' lang='lat' dir='ltr'>quos</span> <span class='ocrx_word' id='word_1_21' title='bbox 241 526 416 600; x_wconf 87' lang='lat' dir='ltr'>juravisset,</span> <span class='ocrx_word' id='word_1_22' title='bbox 428 542 549 580; x_wconf 90' lang='lat' dir='ltr'>monere</span> <span class='ocrx_word' id='word_1_23' title='bbox 559 543 596 581; x_wconf 93' lang='lat' dir='ltr'>ne</span> <span class='ocrx_word' id='word_1_24' title='bbox 606 524 739 600; x_wconf 88' lang='lat' dir='ltr'>praemia</span> <span class='ocrx_word' id='word_1_25' title='bbox 749 523 867 580; x_wconf 81' lang='lat' dir='ltr'>Metelli</span> <span class='ocrx_word' id='word_1_26' title='bbox 879 524 910 580; x_wconf 89' lang='lat' dir='ltr'>iu</span> <span class='ocrx_word' id='word_1_27' title='bbox 920 531 1038 599; x_wconf 88' lang='lat' dir='ltr'>pestem</span> 
     </span>
     <span class='ocr_line' id='line_1_5' title="bbox 158 604 1040 680; baseline -0.003 -16"><span class='ocrx_word' id='word_1_28' title='bbox 158 613 366 677; x_wconf 89' lang='lat' dir='ltr'>convorteret;</span> <span class='ocrx_word' id='word_1_29' title='bbox 395 604 569 680; x_wconf 64' lang='lat' dir='ltr'>«Iugurthae</span> <span class='ocrx_word' id='word_1_30' title='bbox 598 605 723 661; x_wconf 86' lang='lat' dir='ltr'>exitium</span> <span class='ocrx_word' id='word_1_31' title='bbox 754 605 877 678; x_wconf 83' lang='lat' dir='ltr'>adesse3</span> <span class='ocrx_word' id='word_1_32' title='bbox 906 613 1040 662; x_wconf 88' lang='lat' dir='ltr'>ceterum</span> 
     </span>
    </p>

    <p class='ocr_par' dir='ltr' id='par_1_3' title="bbox 125 677 1042 905">
     <span class='ocr_line' id='line_1_6' title="bbox 125 677 1039 759; baseline -0.007 -13"><span class='ocrx_word' id='word_1_33' title='bbox 125 691 252 746; x_wconf 82' lang='lat' dir='ltr'>5suane</span> <span class='ocrx_word' id='word_1_34' title='bbox 274 705 311 744; x_wconf 91' lang='lat' dir='ltr'>an</span> <span class='ocrx_word' id='word_1_35' title='bbox 334 677 453 743; x_wconf 78' lang='lat' dir='ltr'>Metelli</span> <span class='ocrx_word' id='word_1_36' title='bbox 474 685 586 742; x_wconf 90' lang='lat' dir='ltr'>virtute</span> <span class='ocrx_word' id='word_1_37' title='bbox 607 685 726 759; x_wconf 89' lang='lat' dir='ltr'>periret,</span> <span class='ocrx_word' id='word_1_38' title='bbox 743 685 773 742; x_wconf 93' lang='lat' dir='ltr'>id</span> <span class='ocrx_word' id='word_1_39' title='bbox 795 686 886 742; x_wconf 90' lang='lat' dir='ltr'>modo</span> <span class='ocrx_word' id='word_1_40' title='bbox 908 687 1039 759; x_wconf 85' lang='lat' dir='ltr'>agitari;</span> 
     </span>
     <span class='ocr_line' id='line_1_7' title="bbox 158 765 1042 844; baseline -0.002 -21"><span class='ocrx_word' id='word_1_41' title='bbox 158 767 281 844; x_wconf 84' lang='lat' dir='ltr'>proinde</span> <span class='ocrx_word' id='word_1_42' title='bbox 303 772 458 841; x_wconf 89' lang='lat' dir='ltr'>reputaret</span> <span class='ocrx_word' id='word_1_43' title='bbox 480 783 548 822; x_wconf 86' lang='lat' dir='ltr'>oum</span> <span class='ocrx_word' id='word_1_44' title='bbox 570 767 671 823; x_wconf 87' lang='lat' dir='ltr'>animo</span> <span class='ocrx_word' id='word_1_45' title='bbox 693 783 756 836; x_wconf 86' lang='lat' dir='ltr'>sua,</span> <span class='ocrx_word' id='word_1_46' title='bbox 772 765 907 840; x_wconf 88' lang='lat' dir='ltr'>praemia</span> <span class='ocrx_word' id='word_1_47' title='bbox 923 784 962 822; x_wconf 89' lang='lat' dir='ltr'>an</span> <span class='ocrx_word' id='word_1_48' title='bbox 978 783 1042 822; x_wconf 87' lang='lat' dir='ltr'>cru-</span> 
     </span>
     <span class='ocr_line' id='line_1_8' title="bbox 158 848 398 905; baseline -0.004 0"><span class='ocrx_word' id='word_1_49' title='bbox 158 849 270 905; x_wconf 87' lang='lat' dir='ltr'>ciatum</span> <span class='ocrx_word' id='word_1_50' title='bbox 286 848 398 904; x_wconf 86' lang='lat' dir='ltr'>mallet.</span> 
     </span>
    </p>

    <p class='ocr_par' dir='ltr' id='par_1_4' title="bbox 157 925 1042 1083">
     <span class='ocr_line' id='line_1_9' title="bbox 199 925 1042 996; baseline -0.007 -8"><span class='ocrx_word' id='word_1_51' title='bbox 199 929 243 988; x_wconf 80' lang='lat' dir='ltr'>tl.</span> <span class='ocrx_word' id='word_1_52' title='bbox 268 927 327 986; x_wconf 83' lang='lat' dir='ltr'>Sed</span> <span class='ocrx_word' id='word_1_53' title='bbox 342 945 410 985; x_wconf 90' lang='lat' dir='ltr'>cum</span> <span class='ocrx_word' id='word_1_54' title='bbox 432 945 484 984; x_wconf 88' lang='lat' dir='ltr'>eae</span> <span class='ocrx_word' id='word_1_55' title='bbox 500 927 619 984; x_wconf 83' lang='lat' dir='ltr'>litterae</span> <span class='ocrx_word' id='word_1_56' title='bbox 641 927 768 996; x_wconf 91' lang='lat' dir='ltr'>adlatae,</span> <span class='ocrx_word' id='word_1_57' title='bbox 786 925 864 982; x_wconf 85' lang='lat' dir='ltr'>forte</span> <span class='ocrx_word' id='word_1_58' title='bbox 881 925 1042 983; x_wconf 74' lang='lat' dir='ltr'>Nabdalsa</span> 
     </span>
     <span class='ocr_line' id='line_1_10' title="bbox 157 1007 1042 1083; baseline 0 -19"><span class='ocrx_word' id='word_1_59' title='bbox 157 1009 289 1066; x_wconf 84' lang='lat' dir='ltr'>exercito</span> <span class='ocrx_word' id='word_1_60' title='bbox 311 1026 433 1083; x_wconf 86' lang='lat' dir='ltr'>corpore</span> <span class='ocrx_word' id='word_1_61' title='bbox 449 1009 548 1064; x_wconf 86' lang='lat' dir='ltr'>fessus</span> <span class='ocrx_word' id='word_1_62' title='bbox 563 1008 595 1064; x_wconf 94' lang='lat' dir='ltr'>in</span> <span class='ocrx_word' id='word_1_63' title='bbox 616 1007 694 1063; x_wconf 90' lang='lat' dir='ltr'>lecto</span> <span class='ocrx_word' id='word_1_64' title='bbox 710 1008 894 1081; x_wconf 87' lang='lat' dir='ltr'>quiescebat,</span> <span class='ocrx_word' id='word_1_65' title='bbox 908 1007 958 1063; x_wconf 93' lang='lat' dir='ltr'>ubi</span> <span class='ocrx_word' id='word_1_66' title='bbox 974 1026 1042 1080; x_wconf 87' lang='lat' dir='ltr'>cog-</span> 
     </span>
    </p>

    <p class='ocr_par' dir='ltr' id='par_1_5' title="bbox 107 1087 1041 1161">
     <span class='ocr_line' id='line_1_11' title="bbox 107 1087 1041 1161; baseline -0.003 -15"><span class='ocrx_word' id='word_1_67' title='bbox 107 1089 232 1146; x_wconf 82' lang='lat' dir='ltr'>ronias</span> <span class='ocrx_word' id='word_1_68' title='bbox 262 1089 445 1146; x_wconf 87' lang='lat' dir='ltr'>Bomilcaris</span> <span class='ocrx_word' id='word_1_69' title='bbox 474 1088 577 1144; x_wconf 88' lang='lat' dir='ltr'>verbis</span> <span class='ocrx_word' id='word_1_70' title='bbox 606 1087 703 1161; x_wconf 91' lang='lat' dir='ltr'>primo</span> <span class='ocrx_word' id='word_1_71' title='bbox 731 1105 812 1157; x_wconf 89' lang='lat' dir='ltr'>eura,</span> <span class='ocrx_word' id='word_1_72' title='bbox 842 1087 962 1156; x_wconf 91' lang='lat' dir='ltr'>deinde,</span> <span class='ocrx_word' id='word_1_73' title='bbox 994 1089 1041 1143; x_wconf 88' lang='lat' dir='ltr'>uti</span> 
     </span>
    </p>

    <p class='ocr_par' dir='ltr' id='par_1_6' title="bbox 159 1167 1040 1243">
     <span class='ocr_line' id='line_1_12' title="bbox 159 1167 1040 1243; baseline -0.001 -18"><span class='ocrx_word' id='word_1_74' title='bbox 159 1187 284 1243; x_wconf 87' lang='lat' dir='ltr'>aegrum</span> <span class='ocrx_word' id='word_1_75' title='bbox 307 1171 442 1226; x_wconf 89' lang='lat' dir='ltr'>animum</span> <span class='ocrx_word' id='word_1_76' title='bbox 464 1170 550 1237; x_wconf 90' lang='lat' dir='ltr'>solet,</span> <span class='ocrx_word' id='word_1_77' title='bbox 568 1185 693 1224; x_wconf 86' lang='lat' dir='ltr'>somnus</span> <span class='ocrx_word' id='word_1_78' title='bbox 708 1167 796 1242; x_wconf 87' lang='lat' dir='ltr'>cepit.</span> <span class='ocrx_word' id='word_1_79' title='bbox 842 1167 917 1223; x_wconf 82' lang='lat' dir='ltr'>Erat</span> <span class='ocrx_word' id='word_1_80' title='bbox 932 1169 959 1224; x_wconf 94' lang='lat' dir='ltr'>ei</span> <span class='ocrx_word' id='word_1_81' title='bbox 975 1167 1004 1224; x_wconf 94' lang='lat' dir='ltr'>N</span> <span class='ocrx_word' id='word_1_82' title='bbox 1008 1187 1040 1224; x_wconf 93' lang='lat' dir='ltr'>u-</span> 
     </span>
    </p>

    <p class='ocr_par' dir='ltr' id='par_1_7' title="bbox 158 1246 1041 1325">
     <span class='ocr_line' id='line_1_13' title="bbox 158 1246 1041 1325; baseline -0.002 -19"><span class='ocrx_word' id='word_1_83' title='bbox 158 1250 241 1306; x_wconf 87' lang='lat' dir='ltr'>mida</span> <span class='ocrx_word' id='word_1_84' title='bbox 264 1250 390 1325; x_wconf 89' lang='lat' dir='ltr'>quidam</span> <span class='ocrx_word' id='word_1_85' title='bbox 413 1250 604 1323; x_wconf 90' lang='lat' dir='ltr'>negotiorum</span> <span class='ocrx_word' id='word_1_86' title='bbox 625 1253 754 1319; x_wconf 89' lang='lat' dir='ltr'>curator,</span> <span class='ocrx_word' id='word_1_87' title='bbox 778 1246 856 1304; x_wconf 89' lang='lat' dir='ltr'>lidus</span> <span class='ocrx_word' id='word_1_88' title='bbox 887 1255 1041 1322; x_wconf 88' lang='lat' dir='ltr'>acceptus-</span> 
     </span>
    </p>

    <p class='ocr_par' dir='ltr' id='par_1_8' title="bbox 159 1328 1042 1404">
     <span class='ocr_line' id='line_1_14' title="bbox 159 1328 1042 1404; baseline -0.002 -18"><span class='ocrx_word' id='word_1_89' title='bbox 159 1348 215 1404; x_wconf 89' lang='lat' dir='ltr'>que</span> <span class='ocrx_word' id='word_1_90' title='bbox 238 1339 269 1386; x_wconf 92' lang='lat' dir='ltr'>et</span> <span class='ocrx_word' id='word_1_91' title='bbox 291 1330 428 1386; x_wconf 89' lang='lat' dir='ltr'>onmium</span> <span class='ocrx_word' id='word_1_92' title='bbox 451 1329 646 1385; x_wconf 86' lang='lat' dir='ltr'>consiliorum</span> <span class='ocrx_word' id='word_1_93' title='bbox 671 1328 731 1385; x_wconf 92' lang='lat' dir='ltr'>nisi</span> <span class='ocrx_word' id='word_1_94' title='bbox 756 1328 927 1384; x_wconf 89' lang='lat' dir='ltr'>novissumi</span> <span class='ocrx_word' id='word_1_95' title='bbox 948 1329 1042 1404; x_wconf 92' lang='lat' dir='ltr'>parti-</span> 
     </span>
    </p>

    <p class='ocr_par' dir='ltr' id='par_1_9' title="bbox 158 1409 1040 1486">
     <span class='ocr_line' id='line_1_15' title="bbox 158 1409 1040 1486; baseline 0 -20"><span class='ocrx_word' id='word_1_96' title='bbox 158 1428 236 1486; x_wconf 77' lang='lat' dir='ltr'>ceps,</span> <span class='ocrx_word' id='word_1_97' title='bbox 281 1410 341 1482; x_wconf 79' lang='lat' dir='ltr'>Qui</span> <span class='ocrx_word' id='word_1_98' title='bbox 364 1415 526 1484; x_wconf 87' lang='lat' dir='ltr'>postquam</span> <span class='ocrx_word' id='word_1_99' title='bbox 543 1409 664 1465; x_wconf 84' lang='lat' dir='ltr'>adlatas</span> <span class='ocrx_word' id='word_1_100' title='bbox 679 1409 799 1464; x_wconf 84' lang='lat' dir='ltr'>litteras</span> <span class='ocrx_word' id='word_1_101' title='bbox 815 1409 941 1478; x_wconf 88' lang='lat' dir='ltr'>audivit,</span> <span class='ocrx_word' id='word_1_102' title='bbox 957 1414 988 1466; x_wconf 91' lang='lat' dir='ltr'>et</span> <span class='ocrx_word' id='word_1_103' title='bbox 1003 1427 1040 1466; x_wconf 88' lang='lat' dir='ltr'>ex</span> 
     </span>
    </p>

    <p class='ocr_par' dir='ltr' id='par_1_10' title="bbox 16 1488 1037 1564">
     <span class='ocr_line' id='line_1_16' title="bbox 16 1488 1037 1564; baseline -0.003 -16"><span class='ocrx_word' id='word_1_104' title='bbox 16 1535 17 1538; x_wconf 63' lang='lat'>,</span> <span class='ocrx_word' id='word_1_105' title='bbox 107 1493 143 1550; x_wconf 81' lang='lat'>15</span> <span class='ocrx_word' id='word_1_106' title='bbox 158 1490 378 1547; x_wconf 81' lang='lat' dir='ltr'>consuetudine</span> <span class='ocrx_word' id='word_1_107' title='bbox 395 1497 481 1546; x_wconf 84' lang='lat' dir='ltr'>ratus</span> <span class='ocrx_word' id='word_1_108' title='bbox 497 1507 588 1564; x_wconf 90' lang='lat' dir='ltr'>opera</span> <span class='ocrx_word' id='word_1_109' title='bbox 604 1494 658 1545; x_wconf 90' lang='lat' dir='ltr'>aut</span> <span class='ocrx_word' id='word_1_110' title='bbox 671 1488 795 1562; x_wconf 86' lang='lat' dir='ltr'>ingenio</span> <span class='ocrx_word' id='word_1_111' title='bbox 808 1505 863 1544; x_wconf 85' lang='lat' dir='ltr'>suo</span> <span class='ocrx_word' id='word_1_112' title='bbox 875 1506 952 1563; x_wconf 91' lang='lat' dir='ltr'>opus</span> <span class='ocrx_word' id='word_1_113' title='bbox 961 1507 1037 1559; x_wconf 86' lang='lat' dir='ltr'>esse,</span> 
     </span>
    </p>

    <p class='ocr_par' dir='ltr' id='par_1_11' title="bbox 159 1568 1037 1644">
     <span class='ocr_line' id='line_1_17' title="bbox 159 1568 1037 1644; baseline -0.002 -17"><span class='ocrx_word' id='word_1_114' title='bbox 159 1571 190 1627; x_wconf 89' lang='lat' dir='ltr'>in</span> <span class='ocrx_word' id='word_1_115' title='bbox 205 1570 437 1631; x_wconf 88' lang='lat' dir='ltr'>tabernaculum</span> <span class='ocrx_word' id='word_1_116' title='bbox 461 1569 589 1640; x_wconf 89' lang='lat' dir='ltr'>introiit,</span> <span class='ocrx_word' id='word_1_117' title='bbox 606 1569 775 1626; x_wconf 87' lang='lat' dir='ltr'>dormiente</span> <span class='ocrx_word' id='word_1_118' title='bbox 796 1568 847 1625; x_wconf 94' lang='lat' dir='ltr'>illo</span> <span class='ocrx_word' id='word_1_119' title='bbox 865 1570 1037 1644; x_wconf 88' lang='lat' dir='ltr'>epistolam,</span> 
     </span>
    </p>

    <p class='ocr_par' dir='ltr' id='par_1_12' title="bbox 159 1649 1039 1726">
     <span class='ocr_line' id='line_1_18' title="bbox 159 1649 1039 1726; baseline -0.002 -18"><span class='ocrx_word' id='word_1_120' title='bbox 159 1668 252 1725; x_wconf 89' lang='lat' dir='ltr'>super</span> <span class='ocrx_word' id='word_1_121' title='bbox 273 1657 365 1726; x_wconf 88' lang='lat' dir='ltr'>caput</span> <span class='ocrx_word' id='word_1_122' title='bbox 387 1650 419 1706; x_wconf 94' lang='lat' dir='ltr'>in</span> <span class='ocrx_word' id='word_1_123' title='bbox 441 1650 567 1724; x_wconf 85' lang='lat' dir='ltr'>pulvino</span> <span class='ocrx_word' id='word_1_124' title='bbox 588 1656 702 1706; x_wconf 91' lang='lat' dir='ltr'>temere</span> <span class='ocrx_word' id='word_1_125' title='bbox 720 1649 863 1725; x_wconf 87' lang='lat' dir='ltr'>positam,</span> <span class='ocrx_word' id='word_1_126' title='bbox 886 1650 982 1706; x_wconf 86' lang='lat' dir='ltr'>sumit</span> <span class='ocrx_word' id='word_1_127' title='bbox 1004 1668 1039 1706; x_wconf 89' lang='lat' dir='ltr'>ac</span> 
     </span>
    </p>

    <p class='ocr_par' dir='ltr' id='par_1_13' title="bbox 160 1730 1038 1806">
     <span class='ocr_line' id='line_1_19' title="bbox 160 1730 1038 1806; baseline -0.001 -19"><span class='ocrx_word' id='word_1_128' title='bbox 160 1731 298 1806; x_wconf 87' lang='lat' dir='ltr'>perlegit,</span> <span class='ocrx_word' id='word_1_129' title='bbox 325 1731 396 1787; x_wconf 91' lang='lat' dir='ltr'>dein</span> <span class='ocrx_word' id='word_1_130' title='bbox 425 1747 551 1805; x_wconf 86' lang='lat' dir='ltr'>propere</span> <span class='ocrx_word' id='word_1_131' title='bbox 573 1730 705 1804; x_wconf 79' lang='lat' dir='ltr'>cognitis</span> <span class='ocrx_word' id='word_1_132' title='bbox 725 1730 845 1786; x_wconf 89' lang='lat' dir='ltr'>insidiis</span> <span class='ocrx_word' id='word_1_133' title='bbox 873 1731 912 1786; x_wconf 96' lang='lat' dir='ltr'>ad</span> <span class='ocrx_word' id='word_1_134' title='bbox 933 1749 1038 1804; x_wconf 89' lang='lat' dir='ltr'>regem</span> 
     </span>
    </p>

    <p class='ocr_par' dir='ltr' id='par_1_14' title="bbox 158 1810 1038 1887">
     <span class='ocr_line' id='line_1_20' title="bbox 158 1810 1038 1887; baseline 0 -19"><span class='ocrx_word' id='word_1_135' title='bbox 158 1812 266 1887; x_wconf 88' lang='lat' dir='ltr'>pergit.</span> <span class='ocrx_word' id='word_1_136' title='bbox 311 1810 472 1868; x_wconf 87' lang='lat' dir='ltr'>Nabdalsa</span> <span class='ocrx_word' id='word_1_137' title='bbox 485 1811 577 1885; x_wconf 90' lang='lat' dir='ltr'>paulo</span> <span class='ocrx_word' id='word_1_138' title='bbox 591 1817 661 1885; x_wconf 89' lang='lat' dir='ltr'>post</span> <span class='ocrx_word' id='word_1_139' title='bbox 670 1816 863 1884; x_wconf 84' lang='lat' dir='ltr'>experrectus</span> <span class='ocrx_word' id='word_1_140' title='bbox 877 1811 929 1867; x_wconf 95' lang='lat' dir='ltr'>ubi</span> <span class='ocrx_word' id='word_1_141' title='bbox 942 1829 1038 1886; x_wconf 89' lang='lat' dir='ltr'>neque</span> 
     </span>
    </p>

    <p class='ocr_par' dir='ltr' id='par_1_15' title="bbox 107 1891 1037 1966">
     <span class='ocr_line' id='line_1_21' title="bbox 107 1891 1037 1966; baseline -0.002 -16"><span class='ocrx_word' id='word_1_142' title='bbox 107 1895 144 1950; x_wconf 80' lang='lat'>20</span> <span class='ocrx_word' id='word_1_143' title='bbox 160 1892 323 1966; x_wconf 89' lang='lat' dir='ltr'>epistolam</span> <span class='ocrx_word' id='word_1_144' title='bbox 352 1891 483 1965; x_wconf 89' lang='lat' dir='ltr'>repperit</span> <span class='ocrx_word' id='word_1_145' title='bbox 514 1897 544 1946; x_wconf 89' lang='lat' dir='ltr'>et</span> <span class='ocrx_word' id='word_1_146' title='bbox 571 1907 635 1946; x_wconf 90' lang='lat' dir='ltr'>rem</span> <span class='ocrx_word' id='word_1_147' title='bbox 657 1908 785 1961; x_wconf 87' lang='lat' dir='ltr'>omnem,</span> <span class='ocrx_word' id='word_1_148' title='bbox 802 1891 847 1946; x_wconf 91' lang='lat' dir='ltr'>uti</span> <span class='ocrx_word' id='word_1_149' title='bbox 869 1897 936 1947; x_wconf 89' lang='lat' dir='ltr'>acta</span> <span class='ocrx_word' id='word_1_150' title='bbox 964 1898 1037 1962; x_wconf 89' lang='lat' dir='ltr'>erat,</span> 
     </span>
    </p>

    <p class='ocr_par' dir='ltr' id='par_1_16' title="bbox 160 1971 1039 2046">
     <span class='ocr_line' id='line_1_22' title="bbox 160 1971 1039 2046; baseline -0.001 -17"><span class='ocrx_word' id='word_1_151' title='bbox 160 1973 315 2046; x_wconf 84' lang='lat' dir='ltr'>cognovit,</span> <span class='ocrx_word' id='word_1_152' title='bbox 326 1972 424 2046; x_wconf 90' lang='lat' dir='ltr'>primo</span> <span class='ocrx_word' id='word_1_153' title='bbox 435 1971 566 2028; x_wconf 90' lang='lat' dir='ltr'>indicem</span> <span class='ocrx_word' id='word_1_154' title='bbox 576 1971 717 2045; x_wconf 85' lang='lat' dir='ltr'>persequi</span> <span class='ocrx_word' id='word_1_155' title='bbox 729 1976 865 2037; x_wconf 72' lang='lat' dir='ltr'>conatus</span> <span class='ocrx_word' id='word_1_156' title='bbox 873 1979 1039 2046; x_wconf 87' lang='lat' dir='ltr'>postquam</span> 
     </span>
    </p>

    <p class='ocr_par' dir='ltr' id='par_1_17' title="bbox 159 2050 1037 2126">
     <span class='ocr_line' id='line_1_23' title="bbox 159 2050 1037 2126; baseline 0.003 -19"><span class='ocrx_word' id='word_1_157' title='bbox 159 2051 191 2109; x_wconf 92' lang='lat' dir='ltr'>id</span> <span class='ocrx_word' id='word_1_158' title='bbox 207 2053 320 2108; x_wconf 87' lang='lat' dir='ltr'>frustra</span> <span class='ocrx_word' id='word_1_159' title='bbox 338 2051 404 2120; x_wconf 85' lang='lat' dir='ltr'>fuit,</span> <span class='ocrx_word' id='word_1_160' title='bbox 422 2052 442 2110; x_wconf 88' lang='lat' dir='ltr'>J</span> <span class='ocrx_word' id='word_1_161' title='bbox 446 2050 610 2124; x_wconf 84' lang='lat' dir='ltr'>ugurtham</span> <span class='ocrx_word' id='word_1_162' title='bbox 630 2050 771 2126; x_wconf 88' lang='lat' dir='ltr'>placandi</span> <span class='ocrx_word' id='word_1_163' title='bbox 787 2051 887 2124; x_wconf 89' lang='lat' dir='ltr'>gratia</span> <span class='ocrx_word' id='word_1_164' title='bbox 902 2052 1037 2111; x_wconf 87' lang='lat' dir='ltr'>accedit:</span> 
     </span>
    </p>

    <p class='ocr_par' dir='ltr' id='par_1_18' title="bbox 158 2130 1038 2207">
     <span class='ocr_line' id='line_1_24' title="bbox 158 2130 1038 2207; baseline 0 -17"><span class='ocrx_word' id='word_1_165' title='bbox 158 2133 241 2201; x_wconf 91' lang='lat' dir='ltr'>dicit,</span> <span class='ocrx_word' id='word_1_166' title='bbox 264 2149 341 2207; x_wconf 88' lang='lat' dir='ltr'>quae</span> <span class='ocrx_word' id='word_1_167' title='bbox 363 2131 428 2206; x_wconf 89' lang='lat' dir='ltr'>ipse</span> <span class='ocrx_word' id='word_1_168' title='bbox 450 2131 623 2206; x_wconf 88' lang='lat' dir='ltr'>paravisset</span> <span class='ocrx_word' id='word_1_169' title='bbox 644 2131 750 2201; x_wconf 83' lang='lat' dir='ltr'>facere,</span> <span class='ocrx_word' id='word_1_170' title='bbox 772 2130 898 2205; x_wconf 88' lang='lat' dir='ltr'>perfidia</span> <span class='ocrx_word' id='word_1_171' title='bbox 919 2132 1038 2190; x_wconf 85' lang='lat' dir='ltr'>clientis</span> 
     </span>
    </p>

    <p class='ocr_par' dir='ltr' id='par_1_19' title="bbox 159 2212 1037 2286">
     <span class='ocr_line' id='line_1_25' title="bbox 159 2212 1037 2286; baseline -0.001 -16"><span class='ocrx_word' id='word_1_172' title='bbox 159 2214 205 2270; x_wconf 92' lang='lat' dir='ltr'>sui</span> <span class='ocrx_word' id='word_1_173' title='bbox 222 2218 407 2286; x_wconf 89' lang='lat' dir='ltr'>praeventa;</span> <span class='ocrx_word' id='word_1_174' title='bbox 429 2212 602 2269; x_wconf 85' lang='lat' dir='ltr'>lacrumans</span> <span class='ocrx_word' id='word_1_175' title='bbox 617 2213 787 2268; x_wconf 88' lang='lat' dir='ltr'>obtestatur</span> <span class='ocrx_word' id='word_1_176' title='bbox 799 2230 853 2286; x_wconf 92' lang='lat' dir='ltr'>per</span> <span class='ocrx_word' id='word_1_177' title='bbox 868 2212 1037 2269; x_wconf 89' lang='lat' dir='ltr'>amicitiam</span> 
     </span>
    </p>

    <p class='ocr_par' dir='ltr' id='par_1_20' title="bbox 107 2292 1039 2449">
     <span class='ocr_line' id='line_1_26' title="bbox 107 2292 1039 2368; baseline -0.002 -16"><span class='ocrx_word' id='word_1_178' title='bbox 107 2296 143 2352; x_wconf 76' lang='lat'>25</span> <span class='ocrx_word' id='word_1_179' title='bbox 159 2310 271 2368; x_wconf 89' lang='lat' dir='ltr'>perque</span> <span class='ocrx_word' id='word_1_180' title='bbox 287 2311 343 2349; x_wconf 89' lang='lat' dir='ltr'>sua</span> <span class='ocrx_word' id='word_1_181' title='bbox 358 2301 450 2349; x_wconf 90' lang='lat' dir='ltr'>antea</span> <span class='ocrx_word' id='word_1_182' title='bbox 465 2293 593 2348; x_wconf 89' lang='lat' dir='ltr'>fideliter</span> <span class='ocrx_word' id='word_1_183' title='bbox 607 2299 684 2362; x_wconf 87' lang='lat' dir='ltr'>acta,</span> <span class='ocrx_word' id='word_1_184' title='bbox 696 2309 733 2348; x_wconf 90' lang='lat' dir='ltr'>ne</span> <span class='ocrx_word' id='word_1_185' title='bbox 750 2309 841 2366; x_wconf 89' lang='lat' dir='ltr'>super</span> <span class='ocrx_word' id='word_1_186' title='bbox 854 2292 910 2348; x_wconf 91' lang='lat' dir='ltr'>tali</span> <span class='ocrx_word' id='word_1_187' title='bbox 927 2293 1039 2350; x_wconf 88' lang='lat' dir='ltr'>scelere</span> 
     </span>
     <span class='ocr_line' id='line_1_27' title="bbox 160 2374 565 2449; baseline 0.005 -19"><span class='ocrx_word' id='word_1_188' title='bbox 160 2381 334 2449; x_wconf 87' lang='lat' dir='ltr'>suspectum</span> <span class='ocrx_word' id='word_1_189' title='bbox 350 2391 415 2431; x_wconf 84' lang='lat' dir='ltr'>sese</span> <span class='ocrx_word' id='word_1_190' title='bbox 431 2374 565 2432; x_wconf 90' lang='lat' dir='ltr'>haberet.</span> 
     </span>
    </p>

    <p class='ocr_par' dir='ltr' id='par_1_21' title="bbox 160 2453 1040 2690">
     <span class='ocr_line' id='line_1_28' title="bbox 202 2453 1040 2529; baseline -0.004 -16"><span class='ocrx_word' id='word_1_191' title='bbox 202 2455 246 2514; x_wconf 74' lang='lat'>72.</span> <span class='ocrx_word' id='word_1_192' title='bbox 271 2455 322 2512; x_wconf 84' lang='lat' dir='ltr'>Ad</span> <span class='ocrx_word' id='word_1_193' title='bbox 338 2473 374 2511; x_wconf 89' lang='lat' dir='ltr'>ea</span> <span class='ocrx_word' id='word_1_194' title='bbox 397 2472 457 2526; x_wconf 84' lang='lat' dir='ltr'>rex,</span> <span class='ocrx_word' id='word_1_195' title='bbox 474 2453 562 2510; x_wconf 90' lang='lat' dir='ltr'>aliter</span> <span class='ocrx_word' id='word_1_196' title='bbox 587 2459 678 2528; x_wconf 88' lang='lat' dir='ltr'>atque</span> <span class='ocrx_word' id='word_1_197' title='bbox 699 2453 801 2509; x_wconf 92' lang='lat' dir='ltr'>animo</span> <span class='ocrx_word' id='word_1_198' title='bbox 825 2454 960 2527; x_wconf 84' lang='lat' dir='ltr'>gerebat,</span> <span class='ocrx_word' id='word_1_199' title='bbox 976 2454 1040 2529; x_wconf 85' lang='lat' dir='ltr'>pla-</span> 
     </span>
     <span class='ocr_line' id='line_1_29' title="bbox 160 2533 1038 2610; baseline -0.001 -18"><span class='ocrx_word' id='word_1_200' title='bbox 160 2535 225 2592; x_wconf 90' lang='lat' dir='ltr'>cide</span> <span class='ocrx_word' id='word_1_201' title='bbox 254 2535 418 2610; x_wconf 84' lang='lat' dir='ltr'>respondit</span> <span class='ocrx_word' id='word_1_202' title='bbox 461 2534 633 2592; x_wconf 85' lang='lat' dir='ltr'>Bomilcare</span> <span class='ocrx_word' id='word_1_203' title='bbox 663 2533 790 2609; x_wconf 86' lang='lat' dir='ltr'>aliisque</span> <span class='ocrx_word' id='word_1_204' title='bbox 820 2535 936 2604; x_wconf 85' lang='lat' dir='ltr'>multia,</span> <span class='ocrx_word' id='word_1_205' title='bbox 961 2553 1038 2609; x_wconf 88' lang='lat' dir='ltr'>quos</span> 
     </span>
     <span class='ocr_line' id='line_1_30' title="bbox 161 2613 1039 2690; baseline -0.001 -18"><span class='ocrx_word' id='word_1_206' title='bbox 161 2615 258 2672; x_wconf 89' lang='lat' dir='ltr'>socios</span> <span class='ocrx_word' id='word_1_207' title='bbox 281 2615 461 2672; x_wconf 89' lang='lat' dir='ltr'>insidiarum</span> <span class='ocrx_word' id='word_1_208' title='bbox 483 2619 677 2688; x_wconf 87' lang='lat' dir='ltr'>cognoverat,</span> <span class='ocrx_word' id='word_1_209' title='bbox 702 2613 870 2670; x_wconf 81' lang='lat' dir='ltr'>interiectis</span> <span class='ocrx_word' id='word_1_210' title='bbox 891 2615 966 2671; x_wconf 90' lang='lat' dir='ltr'>iram</span> <span class='ocrx_word' id='word_1_211' title='bbox 989 2633 1039 2690; x_wconf 93' lang='lat' dir='ltr'>op-</span> 
     </span>
    </p>

    <p class='ocr_par' dir='ltr' id='par_1_22' title="bbox 108 2693 1039 3091">
     <span class='ocr_line' id='line_1_31' title="bbox 108 2693 1037 2770; baseline 0 -16"><span class='ocrx_word' id='word_1_212' title='bbox 108 2699 145 2754; x_wconf 88' lang='lat'>30</span> <span class='ocrx_word' id='word_1_213' title='bbox 161 2701 322 2770; x_wconf 87' lang='lat' dir='ltr'>presserat,</span> <span class='ocrx_word' id='word_1_214' title='bbox 346 2713 383 2751; x_wconf 92' lang='lat' dir='ltr'>ne</span> <span class='ocrx_word' id='word_1_215' title='bbox 405 2713 465 2769; x_wconf 88' lang='lat' dir='ltr'>qua</span> <span class='ocrx_word' id='word_1_216' title='bbox 493 2713 530 2751; x_wconf 81' lang='lat' dir='ltr'>ex</span> <span class='ocrx_word' id='word_1_217' title='bbox 549 2713 585 2751; x_wconf 94' lang='lat' dir='ltr'>eo</span> <span class='ocrx_word' id='word_1_218' title='bbox 608 2693 731 2768; x_wconf 89' lang='lat' dir='ltr'>negotio</span> <span class='ocrx_word' id='word_1_219' title='bbox 759 2695 871 2751; x_wconf 87' lang='lat' dir='ltr'>seditio</span> <span class='ocrx_word' id='word_1_220' title='bbox 900 2695 1037 2754; x_wconf 90' lang='lat' dir='ltr'>oriretur.</span> 
     </span>
     <span class='ocr_line' id='line_1_32' title="bbox 160 2773 1038 2849; baseline 0.001 -18"><span class='ocrx_word' id='word_1_221' title='bbox 160 2773 271 2849; x_wconf 88' lang='lat' dir='ltr'>Neque</span> <span class='ocrx_word' id='word_1_222' title='bbox 287 2783 358 2849; x_wconf 90' lang='lat' dir='ltr'>post</span> <span class='ocrx_word' id='word_1_223' title='bbox 372 2776 402 2833; x_wconf 95' lang='lat' dir='ltr'>id</span> <span class='ocrx_word' id='word_1_224' title='bbox 417 2776 551 2832; x_wconf 88' lang='lat' dir='ltr'>locorum</span> <span class='ocrx_word' id='word_1_225' title='bbox 565 2774 739 2848; x_wconf 84' lang='lat' dir='ltr'>Jugurthae</span> <span class='ocrx_word' id='word_1_226' title='bbox 755 2776 820 2832; x_wconf 91' lang='lat' dir='ltr'>dies</span> <span class='ocrx_word' id='word_1_227' title='bbox 836 2781 889 2831; x_wconf 86' lang='lat' dir='ltr'>aut</span> <span class='ocrx_word' id='word_1_228' title='bbox 904 2793 965 2832; x_wconf 83' lang='lat' dir='ltr'>nox</span> <span class='ocrx_word' id='word_1_229' title='bbox 975 2776 1038 2832; x_wconf 92' lang='lat' dir='ltr'>ulla</span> 
     </span>
     <span class='ocr_line' id='line_1_33' title="bbox 161 2855 1039 2931; baseline 0.002 -19"><span class='ocrx_word' id='word_1_230' title='bbox 161 2857 265 2931; x_wconf 88' lang='lat' dir='ltr'>quieta</span> <span class='ocrx_word' id='word_1_231' title='bbox 286 2856 361 2930; x_wconf 86' lang='lat' dir='ltr'>fuit;</span> <span class='ocrx_word' id='word_1_232' title='bbox 384 2873 479 2929; x_wconf 92' lang='lat' dir='ltr'>neque</span> <span class='ocrx_word' id='word_1_233' title='bbox 496 2856 561 2912; x_wconf 88' lang='lat' dir='ltr'>loco</span> <span class='ocrx_word' id='word_1_234' title='bbox 576 2873 673 2930; x_wconf 91' lang='lat' dir='ltr'>neque</span> <span class='ocrx_word' id='word_1_235' title='bbox 689 2855 811 2912; x_wconf 87' lang='lat' dir='ltr'>mortali</span> <span class='ocrx_word' id='word_1_236' title='bbox 826 2856 967 2930; x_wconf 88' lang='lat' dir='ltr'>cuiquam</span> <span class='ocrx_word' id='word_1_237' title='bbox 985 2863 1039 2914; x_wconf 88' lang='lat' dir='ltr'>aut</span> 
     </span>
     <span class='ocr_line' id='line_1_34' title="bbox 161 2936 1036 3011; baseline -0.001 -17"><span class='ocrx_word' id='word_1_238' title='bbox 161 2937 292 3010; x_wconf 88' lang='lat' dir='ltr'>tempori</span> <span class='ocrx_word' id='word_1_239' title='bbox 303 2937 379 2993; x_wconf 86' lang='lat' dir='ltr'>satis</span> <span class='ocrx_word' id='word_1_240' title='bbox 390 2937 517 3005; x_wconf 88' lang='lat' dir='ltr'>credere,</span> <span class='ocrx_word' id='word_1_241' title='bbox 528 2937 610 2993; x_wconf 84' lang='lat' dir='ltr'>eires</span> <span class='ocrx_word' id='word_1_242' title='bbox 621 2936 784 3011; x_wconf 89' lang='lat' dir='ltr'>hostesque</span> <span class='ocrx_word' id='word_1_243' title='bbox 794 2937 882 3010; x_wconf 86' lang='lat' dir='ltr'>juxta</span> <span class='ocrx_word' id='word_1_244' title='bbox 894 2943 1036 3006; x_wconf 89' lang='lat' dir='ltr'>metuere,</span> 
     </span>
     <span class='ocr_line' id='line_1_35' title="bbox 161 3015 1036 3091; baseline -0.001 -17"><span class='ocrx_word' id='word_1_245' title='bbox 161 3019 411 3091; x_wconf 89' lang='lat' dir='ltr'>circumspectare</span> <span class='ocrx_word' id='word_1_246' title='bbox 434 3016 535 3073; x_wconf 89' lang='lat' dir='ltr'>omnia</span> <span class='ocrx_word' id='word_1_247' title='bbox 556 3021 587 3072; x_wconf 90' lang='lat' dir='ltr'>et</span> <span class='ocrx_word' id='word_1_248' title='bbox 609 3015 691 3072; x_wconf 91' lang='lat' dir='ltr'>omni</span> <span class='ocrx_word' id='word_1_249' title='bbox 714 3017 845 3090; x_wconf 86' lang='lat' dir='ltr'>strepitu</span> <span class='ocrx_word' id='word_1_250' title='bbox 865 3034 1036 3090; x_wconf 87' lang='lat' dir='ltr'>pavescere,</span> 
     </span>
    </p>

    <p class='ocr_par' dir='ltr' id='par_1_23' title="bbox 109 3096 1036 3172">
     <span class='ocr_line' id='line_1_36' title="bbox 109 3096 1036 3172; baseline 0 -18"><span class='ocrx_word' id='word_1_251' title='bbox 109 3099 145 3154; x_wconf 86' lang='lat'>35</span> <span class='ocrx_word' id='word_1_252' title='bbox 162 3098 219 3154; x_wconf 88' lang='lat' dir='ltr'>alio</span> <span class='ocrx_word' id='word_1_253' title='bbox 248 3104 339 3172; x_wconf 90' lang='lat' dir='ltr'>atque</span> <span class='ocrx_word' id='word_1_254' title='bbox 369 3097 428 3154; x_wconf 87' lang='lat' dir='ltr'>alio</span> <span class='ocrx_word' id='word_1_255' title='bbox 450 3097 523 3165; x_wconf 89' lang='lat' dir='ltr'>loce,</span> <span class='ocrx_word' id='word_1_256' title='bbox 547 3113 638 3169; x_wconf 91' lang='lat' dir='ltr'>saepe</span> <span class='ocrx_word' id='word_1_257' title='bbox 667 3103 772 3153; x_wconf 87' lang='lat' dir='ltr'>contra</span> <span class='ocrx_word' id='word_1_258' title='bbox 794 3096 886 3154; x_wconf 88' lang='lat' dir='ltr'>decus</span> <span class='ocrx_word' id='word_1_259' title='bbox 908 3099 1036 3170; x_wconf 87' lang='lat' dir='ltr'>regium,</span> 
     </span>
    </p>

    <p class='ocr_par' dir='ltr' id='par_1_24' title="bbox 22 3143 1157 3442">
     <span class='ocr_line' id='line_1_37' title="bbox 22 3176 1038 3250; baseline 0.002 -18"><span class='ocrx_word' id='word_1_260' title='bbox 22 3211 95 3232; x_wconf 43' lang='grc' dir='ltr'>..ἡ</span> <span class='ocrx_word' id='word_1_261' title='bbox 162 3184 253 3233; x_wconf 87' lang='lat' dir='ltr'>noctu</span> <span class='ocrx_word' id='word_1_262' title='bbox 269 3179 464 3250; x_wconf 87' lang='lat' dir='ltr'>requiescere,</span> <span class='ocrx_word' id='word_1_263' title='bbox 482 3176 634 3231; x_wconf 89' lang='lat' dir='ltr'>interdum</span> <span class='ocrx_word' id='word_1_264' title='bbox 650 3193 756 3232; x_wconf 89' lang='lat' dir='ltr'>somno</span> <span class='ocrx_word' id='word_1_265' title='bbox 771 3178 890 3233; x_wconf 87' lang='lat' dir='ltr'>excitus</span> <span class='ocrx_word' id='word_1_266' title='bbox 905 3178 1038 3250; x_wconf 87' lang='lat' dir='ltr'>arreptis</span> 
     </span>
     <span class='ocr_line' id='line_1_38' title="bbox 164 3255 1040 3330; baseline 0.006 -20"><span class='ocrx_word' id='word_1_267' title='bbox 164 3255 255 3310; x_wconf 87' lang='lat' dir='ltr'>armis</span> <span class='ocrx_word' id='word_1_268' title='bbox 265 3257 431 3311; x_wconf 88' lang='lat' dir='ltr'>tumultum</span> <span class='ocrx_word' id='word_1_269' title='bbox 444 3256 539 3311; x_wconf 87' lang='lat' dir='ltr'>facere</span> <span class='ocrx_word' id='word_1_270' title='bbox 552 3275 559 3328; x_wconf 79' lang='lat'>3</span> <span class='ocrx_word' id='word_1_271' title='bbox 574 3255 618 3310; x_wconf 90' lang='lat' dir='ltr'>ita</span> <span class='ocrx_word' id='word_1_272' title='bbox 627 3255 787 3313; x_wconf 86' lang='lat' dir='ltr'>formidine</span> <span class='ocrx_word' id='word_1_273' title='bbox 799 3256 888 3330; x_wconf 86' lang='lat' dir='ltr'>quasi</span> <span class='ocrx_word' id='word_1_274' title='bbox 897 3259 1040 3315; x_wconf 85' lang='lat' dir='ltr'>vecordia</span> 
     </span>
     <span class='ocr_line' id='line_1_39' title="bbox 163 3333 321 3402; baseline 0 -14"><span class='ocrx_word' id='word_1_275' title='bbox 163 3333 321 3402; x_wconf 86' lang='lat' dir='ltr'>exagitari.</span> 
     </span>
    </p>

    <p class='ocr_par' dir='ltr' id='par_1_25' title="bbox 204 3409 1046 3483">
     <span class='ocr_line' id='line_1_40' title="bbox 204 3409 1046 3483; baseline 0.005 -13"><span class='ocrx_word' id='word_1_276' title='bbox 204 3411 248 3470; x_wconf 75' lang='grc'>73.</span> <span class='ocrx_word' id='word_1_277' title='bbox 272 3410 371 3483; x_wconf 87' lang='lat' dir='ltr'>Igitur</span> <span class='ocrx_word' id='word_1_278' title='bbox 391 3411 544 3481; x_wconf 88' lang='lat' dir='ltr'>Metellus,</span> <span class='ocrx_word' id='word_1_279' title='bbox 568 3413 619 3468; x_wconf 90' lang='lat' dir='ltr'>ubi</span> <span class='ocrx_word' id='word_1_280' title='bbox 640 3413 676 3469; x_wconf 89' lang='lat' dir='ltr'>de</span> <span class='ocrx_word' id='word_1_281' title='bbox 699 3431 772 3470; x_wconf 88' lang='lat' dir='ltr'>casu</span> <span class='ocrx_word' id='word_1_282' title='bbox 793 3414 976 3472; x_wconf 89' lang='lat' dir='ltr'>Bomilcaris</span> <span class='ocrx_word' id='word_1_283' title='bbox 1006 3409 1046 3475; x_wconf 69' lang='lat' dir='ltr'>etl</span> 
     </span>
    </p>
   </div>
   <div class='ocr_carea' id='block_1_3' title="bbox 0 0 1178 3718">
    <p class='ocr_par' dir='ltr' id='par_1_26' title="bbox 0 0 1178 3718">
     <span class='ocr_line' id='line_1_41' title="bbox 0 0 1178 3718; baseline 0 0"><span class='ocrx_word' id='word_1_284' title='bbox 0 0 1178 3718; x_wconf 95' lang='lat' dir='ltr'> </span> 
     </span>
    </p>
   </div>
   <div class='ocr_carea' id='block_1_4' title="bbox 1056 3531 1075 3621">
    <p class='ocr_par' dir='ltr' id='par_1_27' title="bbox 1056 3531 1075 3621">
     <span class='ocr_line' id='line_1_42' title="bbox 1056 3531 1065 3590; baseline 0 0"><span class='ocrx_word' id='word_1_285' title='bbox 1056 3531 1065 3590; x_wconf 70' lang='grc' dir='ltr'><strong>ὲ</strong></span> 
     </span>
     <span class='ocr_line' id='line_1_43' title="bbox 1068 3598 1075 3621; baseline 0 0"><span class='ocrx_word' id='word_1_286' title='bbox 1068 3598 1075 3621; x_wconf 73' lang='lat' dir='ltr'>l</span> 
     </span>
    </p>
   </div>
   <div class='ocr_carea' id='block_1_5' title="bbox 1056 3635 1071 3712">
    <p class='ocr_par' dir='ltr' id='par_1_28' title="bbox 1056 3635 1071 3712">
     <span class='ocr_line' id='line_1_44' title="bbox 1056 3635 1071 3712; baseline 0 0"><span class='ocrx_word' id='word_1_287' title='bbox 1056 3635 1071 3712; x_wconf 82' lang='lat' dir='ltr'>i</span> 
     </span>
    </p>
   </div>
  </div>
 </body>
</html>
