2346 3718
362 205 408 251 nn
429 204 551 251 annno
569 203 831 253 rucuarrrrrm.
1014 190 1056 254 29

126 365 278 422 invadunt
290 383 298 437 3
320 364 520 421 semisomnos
534 363 657 439 partim,
668 362 744 420 alios
754 381 838 420 arma
849 369 1005 421 sumentes

127 446 238 519 fugant
267 445 466 518 funduntque.
511 443 670 501 Adherbal
699 461 768 500 cum
790 444 896 519 paucis
925 445 1006 518 equi·

126 526 211 582 tibus
235 524 353 584 Cirtam
375 523 518 598 profugit,
535 530 566 581 et
589 524 619 579 ni
642 523 809 581 multitudo
831 530 1004 597 togatorum

127 606 245 672 fnisset,
261 623 338 679 quae
361 604 515 660 Numidas
536 603 731 678 insequentes
756 604 918 662 moenibus
940 623 1006 677 pro-

129 685 237 754 hibuit,
254 702 313 741 uno
329 685 377 741 die
393 685 473 741 inter
488 684 564 741 duos
580 701 669 758 reges
691 690 834 759 coeptum
850 693 941 758 atque
956 703 1007 760 pa-
1040 688 1057 745 5

127 772 243 822 tratum
272 765 384 820 bellum
414 766 498 822 foret.
542 764 642 837 Igitur
671 763 829 838 Jugurtha
859 765 1004 839 oppidum

128 845 331 915 circumsedit,
343 845 442 902 vineis
457 844 651 917 turribusque
661 850 693 900 et
708 843 857 902 machinis
871 848 1006 902 omnium

128 942 274 1000 generum
297 942 471 1000 expugnare
495 924 683 998 aggreditur,
701 943 841 982 maxume
858 926 1006 983 festinans

128 1014 251 1080 tempus
274 1005 444 1079 legatorum
468 1011 659 1078 antecapere,
677 1022 753 1080 quos
775 1012 845 1062 ante
859 1007 1006 1081 proelium

128 1087 241 1144 factum
273 1086 310 1141 ab
334 1085 509 1143 Adherbale
540 1085 673 1142 Romam
702 1085 813 1142 missos
838 1086 1005 1144 audiverat.
1024 1088 1060 1145 10

130 1167 191 1224 Sed
206 1175 368 1241 postquam
393 1171 519 1222 senatus
535 1165 667 1223 debello
683 1183 787 1222 eorum
804 1166 929 1240 accepit,
946 1173 1008 1224 tres

128 1247 338 1305 adolescentes
359 1246 392 1302 in
408 1245 545 1304 Africam
563 1245 712 1318 legantur,
728 1245 780 1320 qui
797 1246 904 1303 ambos
919 1264 1007 1322 reges

129 1329 249 1396 adeant,
263 1331 387 1383 senatus
403 1325 567 1401 populique
584 1325 717 1383 Romani
733 1325 833 1383 verbis
848 1327 1006 1384 nuntient:

129 1406 218 1466 Velle
239 1411 271 1463 et
285 1423 406 1463 censere
428 1423 481 1463 eos
497 1406 534 1462 ab
550 1407 642 1463 armis
661 1406 823 1476 discedere,
841 1407 877 1464 de
893 1413 1008 1464 contro·

128 1487 238 1545 versiis
254 1487 317 1543 suis
341 1487 408 1560 jure
431 1486 533 1561 potius
552 1505 643 1561 quam
662 1486 740 1544 bello
755 1487 940 1563 disceptare:
962 1488 1008 1545 ita
1024 1486 1060 1546 15

128 1585 223 1642 seque
240 1566 360 1641 illisque
376 1567 503 1642 dignum
518 1567 593 1624 esse.

170 1649 215 1704 22.
240 1647 350 1721 Legati
373 1647 405 1704 in
435 1647 569 1704 Africam
601 1651 791 1704 maturantes
813 1647 949 1717 veniunt,
972 1666 1008 1706 eo

127 1728 239 1802 magia,
252 1728 333 1803 quod
351 1727 479 1796 Romae,
493 1728 564 1785 dum
581 1727 729 1803 proficisci
744 1735 863 1802 parant,
876 1728 912 1785 de
927 1746 1010 1803 proe-

127 1810 171 1866 lio
192 1809 273 1866 lacto
296 1815 327 1866 et
349 1808 574 1884 oppugnatione
599 1808 701 1866 Cirtae
724 1808 921 1866 audiebatur:
953 1809 1006 1866 sed

128 1891 157 1946 is
172 1906 275 1946 rumor
291 1890 423 1946 clemens
442 1895 514 1945 erat.
560 1889 696 1960 Quorum
713 1888 734 1946 ,J
737 1889 870 1963 ugurtha
885 1895 1009 1964 accepta
1024 1891 1062 1948 20

128 1970 267 2026 oratione
300 1970 473 2044 respondit:
506 1967 574 2027 Sibi
596 1987 694 2043 neque
722 1971 820 2042 majus
848 1970 1009 2044 quicquam

128 2067 226 2125 neque
248 2051 347 2107 carius
375 2049 557 2106 auctoritate
579 2057 704 2106 senatus
725 2067 814 2123 esse3
837 2051 875 2108 ab
896 2050 1011 2107 adoles

127 2130 230 2188 centia
256 2130 299 2186 ita
321 2148 353 2186 se
376 2131 502 2200 enisum,
521 2135 555 2186 ut
577 2129 615 2186 ab
631 2137 756 2204 optumo
771 2148 889 2205 quoque
904 2131 1010 2206 proba

127 2216 229 2281 retur3
253 2210 373 2279 virtute,
390 2227 451 2266 non
468 2209 587 2267 malitia
600 2211 634 2267 P.
648 2209 792 2284 Scipioni,
805 2228 924 2267 summo
935 2211 1007 2282 vira,

126 2290 300 2366 placuisse;
322 2291 360 2347 ob
379 2291 501 2347 easdem
519 2296 600 2347 artes
616 2308 634 2347 a
649 2289 790 2364 Micipsa,
807 2308 866 2349 non
880 2291 1010 2364 penuria
1025 2291 1062 2349 25

126 2370 357 2440 liberorum,‚in
381 2387 510 2445 reguum
542 2372 720 2445 adoptatum
748 2387 822 2428 esse.
868 2369 1010 2428 Ceterum

126 2468 189 2526 quo
213 2450 302 2526 plura
325 2451 401 2508 bene
425 2457 516 2526 atque
533 2456 655 2508 strenue
672 2450 803 2522 fecisset,
818 2468 853 2508 eo
874 2452 1009 2508 animum

127 2549 217 2588 suum
243 2530 384 2605 injuriam
402 2532 505 2588 minus
526 2531 664 2589 tolerare.
711 2530 916 2588 Adherbalem
932 2531 1010 2589 dolis

127 2612 211 2668 vitae
235 2628 307 2668 suae
330 2611 528 2685 insidiatum
551 2612 632 2686 quod
659 2611 712 2668 ubi
728 2612 933 2686 comperisset,
950 2629 1011 2668 sce-

125 2691 183 2749 leri
208 2692 274 2765 ejus
294 2691 415 2748 obviam
441 2693 509 2748 isse.
554 2691 705 2767 Populum
721 2691 893 2749 Romanum
914 2710 1009 2767 neque
1025 2694 1063 2749 30

126 2778 209 2828 recte
232 2789 327 2846 neque
343 2789 397 2847 pro
413 2772 667 2840 benefacturum,
687 2772 711 2829 si
729 2774 766 2828 ab
784 2773 851 2846 jure
873 2773 1009 2846 gentium

127 2869 196 2909 sese
218 2851 414 2927 prohibuerit.
459 2851 619 2909 Postremo
649 2853 685 2910 de
709 2853 851 2909 omnibus
872 2853 964 2909 rebus
985 2851 1024 2908 le-

127 2941 220 3007 gatos
243 2931 376 2988 Romam
398 2931 483 2988 brevi
505 2932 679 2989 missurum.
725 2932 776 2990 Ita
791 2933 911 3008 utrique
926 2931 1023 3007 digre-

126 3013 260 3070 diuntur.
305 3011 490 3069 Adherbalis
506 3013 679 3088 appellandi
688 3012 783 3089 ‚copia
798 3031 857 3070 non
875 3012 940 3070 luit.

170 3095 216 3150 23.
239 3091 260 3150 ,J
263 3092 397 3164 ugurtha
416 3093 468 3150 ubi
487 3109 541 3149 eos
552 3093 658 3150 Africa
668 3093 834 3150 decessisse
851 3098 936 3150 ratus
952 3096 1007 3161 est,
1024 3091 1061 3148 35

127 3190 225 3247 neque
248 3179 372 3247 propter
393 3172 450 3230 loci
472 3178 612 3230 naturam
638 3173 756 3232 Cirtam
783 3173 875 3230 armis
897 3190 1010 3248 expug-

126 3270 201 3310 nare
231 3257 341 3328 potest,
366 3252 446 3309 vallo
475 3258 566 3327 atque
595 3254 677 3310 fossa
699 3253 820 3309 moenia
842 3252 1021 3320 circumdat,

126 3340 228 3390 turres
248 3333 380 3390 exstruit
400 3350 510 3406 easque
534 3332 696 3407 praesidiis
721 3331 828 3401 firmat,
850 3337 1009 3406 praeterea

127 3413 193 3471 dies
223 3418 387 3487 noctesque
415 3418 468 3469 aut
488 3429 542 3487 per
564 3411 628 3469 vim
658 3416 712 3468 aut
740 3409 819 3466 dolis
846 3416 1006 3484 temptare,
