2346 3718
66 167 110 232 50
348 180 378 226 0.
394 178 576 227 01110001
601 179 725 227 oarsrr

123 341 181 398 fusi
205 301 384 414 fugatique,
407 339 496 413 pauci
514 339 665 409 interiere,
681 338 841 413 plerosque
858 337 1005 394 velocitas

121 430 152 480 et
168 421 253 496 regio
274 419 415 476 hostibus
438 419 548 494 ignara
569 426 671 475 tutata
687 428 766 475 sunt.
811 417 934 474 interea
949 417 1005 473 Bo

121 503 343 574 milca1·,quem
372 499 546 573 elephantis
571 507 603 555 et
625 500 704 574 parti
727 498 881 572 copiarum
903 497 1006 572 pedes-

121 586 213 643 trium
236 581 423 655 praefectum
443 581 481 636 ab
496 579 517 637 J
522 579 657 652 ugurtha
680 595 772 652 supra
794 578 937 648 diximus
955 577 1005 634 ubi

87 670 190 725 5eum
213 660 349 719 Rutilius
372 666 619 736 praetergressus
638 666 693 728 est,
710 659 858 734 paulatim
881 676 954 714 suos
975 659 1005 714 in

121 762 249 821 aequum
272 742 371 798 locum
395 742 527 809 deducit,
546 759 581 797 ac
596 740 669 797 dum
688 740 809 814 legatus
830 738 868 795 ad
885 738 1004 811 flumen,

119 845 179 903 quo
201 824 389 900 praemissus
412 833 486 894 erat,
508 822 658 879 festinans
680 822 791 895 pergit,
813 821 943 896 quietus,
960 821 1005 877 uti

120 925 169 964 res
193 906 377 982 postulabat,
396 905 492 962 aciem
515 910 651 972 exornat,
668 921 765 979 neque
788 901 917 958 remittit
933 902 1005 976 quid

121 987 231 1061 ubique
254 986 352 1044 hostis
384 995 490 1060 ageret
517 985 682 1060 explorare.
729 985 897 1059 Postquam
919 982 1006 1040 Ruti-

70 1072 103 1126 10
121 1069 193 1123 11001
205 1068 378 1124 consedisse
390 1067 456 1140 jam
469 1073 500 1123 et
514 1066 616 1123 animo
629 1083 757 1122 vacuum
774 1065 892 1139 accepit
904 1065 1006 1120 simul-

120 1165 178 1224 que
196 1165 234 1205 ex
248 1148 269 1206 J
273 1147 424 1221 ugurthae
440 1148 555 1222 proelio
572 1148 735 1204 clamorem
759 1146 873 1220 augeri,
889 1146 1005 1202 veritus

120 1247 156 1285 ne
173 1229 292 1302 legatus
307 1230 433 1302 cognita
448 1247 478 1284 re
489 1227 701 1285 laborantibus
718 1227 781 1283 suis
792 1226 905 1283 auxilio
917 1226 1003 1296 foret,
1083 1242 1087 1253 ·

121 1309 224 1376 aciem,
242 1327 332 1384 quam
356 1309 495 1365 diffidens
517 1309 623 1366 virtuti
647 1309 779 1364 militum
802 1316 867 1364 arte
890 1313 1005 1363 statue·

120 1402 175 1458 rat,
199 1408 258 1464 quo
287 1389 423 1446 hostium
454 1389 557 1446 itineri
580 1389 719 1457 officeret,
744 1388 837 1445 latius
866 1387 1003 1463 porrigit,

69 1470 104 1526 15
119 1487 213 1544 eoque
230 1470 373 1526 modoad
391 1470 488 1542 Rutili
505 1478 608 1527 eastra
622 1468 766 1545 procedit.

160 1553 205 1607 53.
231 1551 362 1606 Romani
379 1568 416 1607 ex
432 1551 599 1625 improviso
621 1550 758 1625 pulveris
774 1549 836 1606 vim
859 1566 1005 1622 magnam

120 1630 389 1704 animadvortunt;
412 1649 483 1687 nam
494 1640 689 1706 prospectum
706 1647 778 1704 ager
794 1629 928 1687 arbustis
939 1646 1006 1685 con-

2 1711 198 1769 ”sitm
220 1710 405 1784 prohibebat.
451 1711 493 1768 Et
519 1712 618 1787 primo
649 1711 705 1767 rati
734 1711 860 1767 humum
889 1709 1005 1766 aridam

121 1797 212 1845 vento
228 1791 347 1864 agitari,
360 1797 432 1866 post
446 1793 498 1848 ubi
517 1791 708 1866 aequabilem
725 1808 845 1847 manere
861 1795 900 1860 et,
915 1790 1005 1846 sicuti

69 1871 200 1931 20aoics
229 1873 416 1940 movebatur,
441 1873 541 1946 magis
572 1873 733 1946 magisque
761 1871 1005 1946 appropinquare

122 1951 235 2020 vident,
253 1953 376 2026 cognita
390 1970 421 2009 re
438 1960 639 2027 properantes
656 1969 741 2008 arma
760 1952 886 2026 capiunt
901 1969 936 2007 ac
950 1968 1005 2026 pro

121 2033 235 2100 cestria,
249 2033 341 2088 sicuti
356 2033 573 2108 imperabatur,
585 2033 766 2089 consistunt.
813 2031 940 2101 Deinde,
952 2031 1005 2088 ubi

121 2112 245 2186 propius
262 2121 387 2169 ventum
408 2121 464 2183 est,
482 2114 635 2187 utrimque
659 2130 772 2186 magno
793 2112 922 2169 clamore
938 2130 1006 2170 con-

121 2193 257 2248 curritur.
302 2192 456 2251 Numidae
478 2193 694 2250 tentummodo
709 2194 865 2263 remorati,
879 2193 951 2248 dum
973 2193 1005 2249 in

70 2271 293 2346 050ορ110101
316 2274 462 2331 auxilium
486 2280 605 2349 putant,
628 2281 793 2348 postquam
815 2291 868 2329 eos
882 2273 1007 2347 impedi-

123 2359 171 2408 tos
187 2355 279 2409 rantis
302 2355 442 2410 arborum
460 2367 553 2429 etque
574 2355 619 2410 ita
634 2354 775 2427 disjectos
791 2354 1005 2412 circumveniri

123 2432 234 2500 vident,
258 2435 363 2508 fugam
386 2435 509 2503 faciunt,
534 2453 569 2491 ac
599 2434 735 2509 plerique
759 2435 882 2507 abjectis
912 2435 1006 2491 armis

123 2513 208 2570 collis
230 2522 283 2570 aut
305 2515 411 2582 noetio,
429 2533 507 2590 quae
532 2517 597 2589 jam
619 2516 734 2584 aderat,
759 2516 873 2573 auxilio
893 2515 1005 2590 integri

124 2594 244 2652 abeunt.
290 2595 455 2670 Elephanti
478 2603 622 2671 quattuor
651 2596 742 2670 capti,
771 2597 878 2672 reliqui
900 2613 1006 2652 omnes

70 2674 108 2729 30
123 2692 248 2730 numero
263 2676 468 2750 qnadraginta
485 2677 644 2734 interfecti.
690 2677 735 2734 At
748 2678 890 2745 Romani,
902 2695 1006 2752 quam-

123 2773 213 2830 quam
229 2756 335 2812 itinere
353 2764 445 2833 atque
462 2775 551 2831 opere
568 2767 738 2816 castrorum
755 2764 787 2815 et
800 2758 915 2833 proelio
931 2758 1006 2814 fessi

123 2836 255 2910 lassique
277 2846 372 2905 erant,
391 2844 503 2904 tamen,
520 2841 601 2914 quod
624 2839 769 2896 Metellus
791 2840 922 2914 amplius
943 2839 1007 2914 opi-

124 2917 213 2972 nione
236 2919 420 2988 morabatur,
443 2919 583 2977 instructi
607 2921 775 2997 intentique
798 2921 918 2977 obviam
940 2937 1008 2994 pro-

124 2997 242 3054 cedunt.
300 2997 381 3055 Nam
411 3000 499 3057 dolus
529 3000 731 3058 Numidarum
762 3001 838 3058 nihil
867 3000 1007 3074 languidi

72 3078 108 3133 35
124 3096 219 3152 neque
230 3079 352 3136 remissi
368 3081 554 3154 patiebatur,
599 3082 648 3139 Ac
661 3083 758 3157 primo
769 3084 897 3139 obscura
908 3088 1005 3150 nocte,

123 3165 288 3233 postquam
305 3160 387 3217 baud
403 3162 505 3236 procul
523 3162 602 3218 inter
618 3180 650 3219 se
665 3168 760 3229 erant,
774 3161 1007 3236 strepitu,velut

126 3238 230 3295 hostes
252 3242 440 3310 adventaret,
456 3242 543 3298 alteri
560 3243 640 3315 apud
671 3243 782 3299 alteros
811 3241 1006 3299 formidinem
1041 3263 1046 3281 2

125 3320 216 3376 simul
245 3327 276 3377 et
302 3321 466 3378 tumultum
491 3323 598 3386 facere,
628 3329 659 3378 et
680 3340 776 3396 paene
799 3321 1007 3396 imprudentia
1049 3329 1073 3400 χ

127 3400 298 3457 admiSsum
327 3401 445 3458 facinus
474 3402 655 3472 miserabile,
685 3402 717 3457 ni
740 3402 892 3476 utrimque
920 3417 1009 3476 prae·
1039 3471 1048 3507 ε

1051 3605 1066 3687 l
1092 3610 1151 3688 11
