2322 3718
117 190 158 252 86
394 204 423 251 o.
440 199 622 251 stanusrr
648 203 770 252 oarsrr

169 380 270 439 perge.
314 361 415 420 Multa
435 367 525 438 atque
541 369 711 438 opportuna
733 362 837 436 habes,
853 381 912 438 quo
927 362 1055 421 facilius

170 449 271 500 errata
282 443 385 501 officiis
399 460 530 518 superes,
569 443 730 500 Postremo
742 444 797 501 hoc
807 444 838 500 in
847 450 1055 518 pectustuunr

135 529 136 532 ’
171 525 305 593 demitte,
332 542 498 599 numquam
525 524 672 599 populum
694 525 869 581 Romanum
894 523 1056 580 beneficiis

170 606 284 661 victum
300 621 382 661 csse:
406 621 476 660 nam
493 604 570 660 bello
587 604 658 679 quid
675 604 785 676 valeat,
802 611 867 662 tute
884 604 973 660 scis.''

136 690 153 744 5
210 685 261 742 Ad
280 703 317 740 ea
339 684 478 741 Bocchus
498 684 614 759 placide
634 689 665 741 ct
684 684 824 760 benigne,
840 683 929 740 simul
949 703 1058 759 pauca

169 782 223 840 pro
239 765 349 822 delicto
374 782 430 821 suo
446 765 539 821 verba
564 765 649 822 facit:
673 782 705 822 sc
728 783 788 822 non
810 764 913 821 hostili
935 765 1055 833 anim0,

169 845 222 901 sed
243 846 281 902 ob
302 863 429 919 reguum
451 845 614 902 tutandum
635 863 720 902 arma
741 845 870 920 cepisse:
893 861 964 900 narn
986 843 1059 901 Nu-

168 925 281 982 midiae
302 931 431 999 partem,
447 926 526 982 unde
544 925 573 982 vi
593 925 783 1000 ,Iugurtham
805 925 962 1000 expulerit,
979 926 1057 998 jure

169 1005 240 1061 belli
255 1024 342 1063 suam
359 1006 486 1079 factam3
508 1024 575 1062 earn
585 1007 701 1062 vastari
716 1024 735 1062 a
750 1005 850 1062 Mario
865 1005 928 1080 pati
945 1007 1058 1080 nequi-

117 1088 152 1144 10
169 1086 267 1160 visse;
289 1093 446 1161 praetcrea
467 1086 570 1143 missis
593 1095 682 1143 antea
705 1087 838 1144 Romam
861 1085 981 1160 legatie,
1009 1105 1059 1143 re-

168 1167 290 1240 pulsum
311 1167 348 1223 ab
369 1167 510 1223 amicitia.
556 1166 698 1224 Ceterum
715 1172 819 1224 vetera
840 1166 990 1236 omittere,
1019 1185 1059 1224 ac

166 1252 242 1316 tum,
255 1248 282 1303 si
296 1265 350 1322 per
362 1247 494 1304 Marium
511 1247 622 1315 liceret,
634 1247 753 1322 legatos
770 1247 808 1304 ad
824 1254 962 1304 senatum
979 1248 1059 1304 mis-

167 1344 279 1384 surum.
317 1327 403 1396 Dein,
414 1328 501 1404 copia
516 1328 604 1397 faeta,
617 1328 737 1385 animus
747 1328 866 1384 barbari
883 1328 921 1384 ab
937 1327 1057 1386 amicis

167 1405 270 1477 flexae,
292 1426 368 1482 quos
383 1407 549 1482 Jugurtha,
571 1409 694 1482 cognita
716 1409 868 1483 legatione
892 1407 999 1466 Sullae
1023 1416 1059 1466 et

116 1487 151 1544 15
169 1486 273 1559 Manli,
284 1495 420 1545 metucns
435 1488 465 1545 id
481 1489 562 1563 quod
577 1489 752 1563 parabatur,
764 1489 851 1547 donis
861 1497 1056 1562 corruperat.

209 1568 274 1626 103.
297 1569 416 1625 Marius
427 1569 551 1639 interea,
563 1571 697 1627 exercitu
709 1569 740 1626 iu
752 1568 957 1626 hibernaculis
971 1588 1059 1626 com-

166 1648 276 1722 posit0,
293 1667 361 1706 eum
375 1649 525 1724 expeditis
541 1650 716 1708 cohortibus
732 1656 764 1708 et
783 1657 869 1725 parte
887 1649 1058 1724 equitatus

166 1727 364 1802 proficiscitur
385 1730 416 1787 in
438 1731 505 1787 loca
526 1731 591 1787 sola
611 1732 768 1788 obsessum
789 1731 897 1788 turrim
918 1731 1057 1804 regiam,

167 1826 227 1882 quo
249 1809 406 1884 Jugurtha
434 1810 578 1885 perfugas
600 1828 705 1868 omnes
734 1811 920 1886 praesidium
952 1811 1059 1886 impo-

114 1892 276 1948 nosceret.
321 1889 399 1946 Turn
420 1908 525 1947 rursus
542 1890 691 1962 Bocchus,
709 1909 761 1948 sen
783 1892 951 1968 reputando
969 1911 1057 1967 quae

168 1969 226 2026 sibi
248 1969 366 2026 duobus
394 1972 518 2047 proeliis
540 1979 696 2042 venerant,
726 1989 780 2029 scu
810 1971 990 2030 admonitus
1015 1975 1058 2032 ab
1156 2039 1157 2052 χ

168 2049 236 2106 aliis
258 2051 373 2121 amieis,
389 2070 464 2126 quos
488 2053 678 2128 incorruptos
693 2053 714 2110 ,J
718 2052 851 2127 ugurtha
872 2052 1056 2126 reliquerat,

168 2147 206 2186 ex
221 2132 304 2186 omni
319 2131 407 2206 copia
422 2132 662 2189 necessariorum
683 2133 816 2208 quinque
837 2132 958 2206 delegit,
978 2153 1059 2208 quo-

166 2227 233 2266 rum
253 2217 283 2266 et
304 2210 377 2268 fides
392 2212 514 2286 cognita
533 2220 564 2268 et
584 2213 710 2288 ingenia
727 2214 925 2270 validissuma
944 2223 1053 2274 erant.

113 2293 150 2350 25
168 2289 230 2346 llos
252 2291 291 2348 ad
314 2292 449 2349 Marium
471 2311 504 2350 ac
526 2293 644 2365 deinde,
661 2295 687 2351 si
708 2295 835 2370 placcat,
853 2293 989 2350 Romam
1013 2297 1059 2354 le-

166 2376 256 2444 gatos
284 2370 326 2428 ire
350 2373 446 2446 jubet,
464 2375 651 2448 agendarum
679 2392 779 2431 rerum
801 2380 832 2432 et
853 2391 1057 2450 quocumque

167 2451 257 2508 modo
286 2452 357 2509 belli
386 2455 586 2528 componendi
612 2455 766 2512 licentiam
788 2454 863 2530 ipsis
884 2455 1056 2528 permittit.

166 2530 217 2587 llli
233 2537 351 2589 mature
367 2533 404 2590 ad
421 2532 549 2590 hiberna
565 2535 774 2592 Romanorum
797 2535 1058 2612 proficiscuntur;

167 2611 275 2668 deinde
295 2612 327 2668 in
348 2613 454 2670 itinere
470 2632 488 2671 a
505 2615 642 2674 Gaetulis
662 2614 831 2672 latronibus
847 2616 1058 2676 circumventi

113 2695 150 2750 30
167 2691 358 2768 spoliatique,
383 2695 497 2770 pavidi,
522 2696 587 2752 sine
611 2697 716 2753 decore
744 2697 782 2753 ad
805 2695 921 2754 Sullam
946 2699 1060 2770 perfu-

166 2771 263 2846 giunt,
286 2792 375 2848 quem
404 2775 509 2832 consul
537 2775 569 2832 in
598 2777 822 2852 expeditionem
851 2776 1058 2852 proficiscens

165 2870 220 2928 pro
248 2860 385 2927 praetore
414 2855 585 2931 reliquerat.
630 2857 692 2914 Eos
714 2857 764 2914 ille
786 2875 844 2914 non
875 2875 929 2932 pro
954 2861 1058 2920 vanis

167 2933 315 3004 hostibus,
328 2935 372 2991 nti
387 2936 486 2994 meriti
500 2943 595 3007 erant,
607 2938 659 2995 sed
676 2944 815 2994 accurate
832 2957 866 2994 ac
881 2939 1059 2999 liberaliter

168 3013 289 3088 habuit;
311 3034 370 3089 qua
384 3034 415 3072 re
432 3016 553 3073 barbari
563 3023 595 3074 et
609 3017 722 3074 famam
733 3018 879 3076 avaritiae
892 3020 1059 3080 Rornano-

4 3150 14 3156 ,
113 3094 232 3150 35rum
262 3095 369 3151 falsam
392 3105 422 3152 et
445 3096 560 3154 Sullam
584 3098 621 3155 ob
649 3097 887 3156 munificentiam
916 3101 946 3156 in
978 3119 1057 3161 sese

168 3174 297 3230 anticum
314 3174 380 3232 rati.
424 3177 505 3233 Nam
515 3178 608 3234 etiam
618 3185 681 3234 tum
693 3179 816 3252 largitio
826 3180 1058 3254 multisignota

167 3260 250 3327 erat;
272 3255 432 3313 munificus
448 3275 536 3313 nemo
551 3259 716 3333 putabatur
731 3259 790 3315 nisi
805 3259 919 3334 pariter
929 3261 1056 3336 volana,

167 3332 248 3389 dona
284 3335 387 3391 omnia
419 3336 450 3392 in
478 3336 669 3411 benignitate
705 3338 901 3397 habebantur.
945 3341 1059 3415 Igitur
1156 3409 1157 3412 Ἴ

167 3414 322 3470 mracstori
337 3415 484 3472 mandata
498 3415 612 3474 Bocchi
626 3418 827 3494 patefaciunt3
850 3421 941 3478 simul
957 3422 996 3480 ab
1011 3441 1057 3484 co
