2346 3718
89 175 130 237 22
366 188 394 235 c.
412 188 592 234 sanuusrr
619 188 741 234 emsrr

144 347 262 421 geniem
271 365 334 417 vos,
342 353 445 423 patres
455 347 626 422 conscripti,
635 347 729 405 nolite
739 347 804 424 pati
816 366 864 405 me
879 354 1024 425 nepotem

145 427 328 484 Masinissae
345 429 457 484 frustra
479 429 600 485 avobis
614 428 763 485 auxilium
777 434 889 504 petere.
934 429 965 503 Si
982 429 1024 486 ad

143 509 368 583 impetrandum
398 508 474 565 nihil
503 527 613 565 causae
642 507 784 566 haberem
811 516 932 584 praeter
952 511 1025 566 mis-

144 589 288 645 erandam
313 589 474 658 fortunam,
498 589 578 664 quod
608 589 699 664 paulo
722 596 792 646 ante
820 607 873 646 rex
902 608 1022 664 genere,

112 674 128 728 5
144 669 323 743 famaatquc
333 669 554 744 copiispotens,
565 687 645 726 nunc
657 669 843 726 deformatus
858 671 1021 741 aerumniS,

145 749 242 824 inops,
260 749 375 806 alienas
398 767 471 823 opes
486 755 637 823 exspecto,
650 755 754 806 tamen
769 757 835 807 erat
850 751 1023 823 majestatis

144 829 247 905 populi
270 829 402 886 Romani
423 829 582 904 prohibere
604 830 746 904 iujuriam
768 848 864 906 neque
885 831 951 904 pati
974 849 1024 888 cu-

139 912 283 985 jusquam
306 927 433 983 reguum
455 927 508 986 per
529 910 628 967 scelus
649 926 789 968 crescere.
833 910 949 967 Verum
963 929 1023 984 ego

144 991 189 1048 eis
204 991 313 1047 finibus
328 992 441 1063 ejectus
453 1008 530 1062 sum,
540 1008 615 1066 quos
627 992 792 1065 majoribus
800 990 876 1047 meis
890 991 1024 1066 populus

93 1075 128 1132 10
144 1071 304 1127 Romanus
337 1071 429 1140 dedit,
454 1072 534 1128 unde
566 1077 655 1145 pater
683 1075 714 1128 et
736 1087 812 1128 avus
843 1088 929 1128 meus
960 1089 1024 1128 una

145 1151 303 1208 vobiscum
328 1151 468 1226 expulere
491 1150 664 1227 Syphacem
685 1158 717 1208 ct
739 1150 1020 1226 Carthaginienses.

145 1231 261 1289 Vestra
275 1231 419 1288 beneficia
432 1231 506 1287 mihi
522 1238 627 1306 erepta
642 1237 721 1301 sunt,
733 1238 835 1306 patres
850 1232 1021 1307 conscripti,

145 1330 201 1369 vos
221 1312 252 1369 in
274 1329 341 1368 mea
361 1311 469 1386 injuria
484 1312 618 1386 despecti
633 1311 714 1370 estis.
759 1311 848 1369 Eheu
863 1330 910 1369 me
935 1313 1025 1369 mise-

143 1391 224 1450 ruml
268 1392 414 1462 Huccine,
426 1391 559 1466 Micipsa
569 1397 663 1469 pater,
675 1391 820 1448 beneficia
833 1397 887 1449 tua
898 1409 1022 1450 evasere

92 1479 128 1535 15
144 1479 186 1544 ut,
203 1491 292 1548 quem
313 1478 348 1530 tu
369 1489 471 1546 parem
494 1490 561 1528 cum
583 1472 687 1529 liberis
707 1473 770 1529 tuis
791 1473 937 1547 regnique
957 1491 1024 1549 par-

143 1554 264 1630 ticipem
282 1552 390 1622 fecisti,
403 1553 429 1608 is
438 1553 641 1626 potissumum
653 1553 758 1627 stirpis
773 1558 845 1610 tuae
857 1554 1024 1610 exstinctor

144 1632 208 1691 sit?
250 1634 466 1708 Numquamne
481 1650 553 1707 ergo
568 1632 684 1690 familia
704 1639 809 1689 nostra
824 1633 927 1707 quieta
941 1631 1022 1691 erit?

146 1713 308 1790 Semperne
320 1714 354 1770 in
364 1711 904 1787 sanguine,ferro,fugaversabitur?
942 1714 1024 1771 Dum

146 1794 417 1868 Carthaginienses
437 1793 605 1851 incolumes
626 1793 718 1863 fuere,
729 1795 797 1868 jure
813 1794 915 1851 omnia
930 1811 1023 1852 saeva

91 1880 128 1935 20
144 1875 353 1950 patiebamur:
384 1874 490 1931 hostes
522 1875 560 1931 ab
581 1875 686 1945 latere,
709 1891 766 1930 vos
789 1875 880 1931 amici
907 1874 1022 1949 procul,

145 1971 213 2029 spes
228 1956 328 2013 omnis
344 1955 375 2011 in
391 1955 484 2011 armis
499 1959 571 2012 erat.
616 1954 786 2030 Postquam
802 1955 855 2012 illa
868 1955 964 2029 pestis
985 1973 1025 2012 ex

144 2036 250 2093 Africa
271 2038 366 2109 ejecta
388 2040 443 2102 est,
460 2035 533 2091 laeti
554 2053 661 2109 pacem
684 2035 886 2109 agitabamus,
910 2036 1024 2110 quippe

143 2117 212 2191 quis
233 2117 333 2174 hostis
354 2115 456 2172 nullus
470 2120 546 2185 erat,
561 2115 620 2172 nisi
643 2117 719 2173 forte
735 2134 825 2190 quem
840 2133 896 2172 vos
916 2116 1026 2189 jussis·

143 2197 225 2254 setis.
270 2196 348 2254 Ecce
371 2203 471 2253 autem
495 2212 533 2252 ex
558 2195 725 2270 improviso
740 2195 1026 2270 Jugurtha,iutole-

90 2281 126 2336 25
143 2275 238 2335 randa
254 2277 389 2347 audacia,
406 2276 518 2334 scelere
533 2282 624 2351 atque
647 2277 790 2351 superbia
805 2294 870 2332 sese
886 2275 1022 2346 efferens,

143 2357 233 2414 fratre
256 2376 323 2415 meo
346 2363 436 2433 atque
459 2357 564 2414 eodem
587 2358 757 2432 propinquo
779 2373 835 2413 suo
854 2355 1022 2424 interfecto,

142 2438 274 2514 primum
300 2455 430 2513 regnum
458 2439 523 2511 ejus
546 2437 667 2494 sceleris
689 2437 737 2494 sui
762 2436 906 2512 praedam
932 2436 1022 2511 fecit3

143 2525 221 2594 post,
238 2519 289 2575 ubi
305 2537 353 2576 me
367 2517 483 2576 eisdem
501 2517 579 2574 dolis
590 2518 695 2592 nequit
705 2535 821 2592 capere,
833 2516 909 2573 nihil
921 2517 1024 2574 minus

143 2596 1022 2674 quamvimautbellumexspectanteminimperiovostm,

88 2686 126 2739 30
142 2680 220 2737 sicut
248 2679 370 2750 videtis,
401 2684 553 2736 extorrem
581 2679 689 2754 patria,
720 2679 819 2747 domo,
841 2678 963 2752 inopem
992 2683 1025 2735 et

141 2764 316 2836 coopertum
337 2759 467 2816 miseriis
483 2758 589 2831 effecit,
605 2765 639 2816 ut
653 2759 757 2816 ubivis
773 2759 870 2816 tutius
885 2775 974 2832 quam
991 2758 1024 2815 iu

141 2859 209 2897 meo
220 2841 315 2915 regno
324 2858 431 2898 essem.
477 2839 545 2914 Ego
555 2839 836 2910 sicexistumabam,
844 2843 946 2914 patres
957 2855 1025 2895 cou-

141 2920 256 2996 scripti,
272 2921 318 2977 uti
341 2920 569 2998 praedicantem
585 2921 764 2978 audiveram
778 2926 896 2994 patrem
911 2935 1022 2990 meum,

142 3003 193 3076 qui
209 3008 347 3058 vostram
363 3002 529 3061 amicitiam
548 3002 711 3077 diligenter
725 3001 866 3068 colerent,
882 3015 934 3056 eos
950 3001 1025 3057 mul-

86 3085 123 3138 35
142 3089 206 3138 tum
229 3083 364 3140 laborem
387 3083 546 3158 suscipere,
564 3089 697 3140 ceterum
723 3100 760 3138 ex
785 3081 927 3138 omnibus
943 3097 1025 3138 max·

140 3182 210 3220 ume
240 3170 325 3222 tutos
354 3183 430 3224 esse.
476 3162 564 3236 Quod
594 3165 626 3219 in
662 3163 779 3219 familia
813 3167 920 3219 nostra
957 3160 1023 3235 fuit,

141 3245 306 3321 praestitit,
324 3246 368 3302 uti
391 3245 423 3303 in
439 3245 580 3301 omnibus
595 3243 682 3300 bellis
706 3244 826 3301 adesset
840 3242 945 3303 vobis:
967 3262 1024 3301 nos

141 3328 187 3384 uti
202 3344 257 3402 per
272 3327 368 3384 otium
382 3325 443 3383 tuti
459 3325 563 3390 simus,
580 3323 612 3378 in
626 3331 732 3382 vostra
747 3343 838 3380 manu
854 3329 909 3392 est,
920 3330 1025 3400 patres

143 3406 315 3481 conscripti.
359 3403 868 3479 Paternosduosfratresreliquit;
888 3407 1024 3479 tertium,
