2322 3718
101 171 142 233 96
378 186 408 233 e.
426 185 609 232 sennaser
635 184 758 232 oursel

507 299 551 336 aa
809 343 812 348 .
852 271 966 358 att&

153 343 314 403 vexabant.
329 314 424 402 ,tw
445 344 513 436 ipsa
557 348 604 403 ort
640 343 975 419 ivideturtquomam
997 347 1045 404 de'

154 424 289 481 moribus
311 425 445 482 civitatis
467 417 589 499 teinpus
605 421 771 495 admonuit,
788 443 882 498 supra
897 432 1038 500 repetere

155 523 190 562 ac
210 505 316 579 paneis
338 505 482 562 institute
503 506 626 590 ¹rpajpru
666 505 746 589 dgmi
761 505 957 581 militiaeque,
972 524 1038 581 quo

154 585 245 642 modo
260 603 322 641 rem
337 585 490 659 publicam
506 523 830 659 bdbu‘e'ridiquantam
854 604 891 642 ue
907 587 1039 661 relique-

121 665 138 721 5
153 665 224 735 rint,
240 673 272 722 et
285 673 320 722 ut
325 665 488 757 ppulqtim
510 665 674 758 immutata
688 682 726 721 ex
740 643 831 740 fidit
851 655 953 723 rruffib
968 684 1038 742 pes

113 775 138 822 χ
154 763 242 802 suma
257 763 291 802 ae
306 733 558 820 flagitiosissuma
572 745 653 802 facta
669 746 717 816 sit,
735 735 1024 804 disseret-effecta
1034 731 1077 800 tf

125 821 170 869 Ψ
195 829 220 884 6.
245 825 360 882 Urbem
384 827 526 896 Romam,
549 825 639 882 sicuti
660 843 718 899 ego
740 826 849 900 accepi,
870 827 1035 884 condidere

155 912 244 980 atque
269 905 401 964 habuere
424 906 513 963 initio
530 905 660 978 Trojani‚
678 905 729 980 qui
745 904 853 964 Aenea
868 907 943 964 duce
966 925 1037 981 pro·
1069 900 1075 923 '

154 986 220 1060 fugi
235 986 357 1043 sedibus
373 987 496 1044 incertis
512 987 713 1060 vagabantur,
729 1004 857 1061 cumque
869 987 913 1044 eis
923 986 1036 1044 Abori-

103 1068 139 1123 10
156 1066 252 1140 gines
274 1084 371 1141 genus
397 1067 556 1124 hominum
585 1071 713 1156 agreste,
725 1067 796 1151 pino
816 1067 944 1141 legibus,
966 1068 1035 1125 sine

155 1147 292 1220 imperio,
306 1147 432 1203 liberum
451 1139 707 1222 atque”'sblutumss
752 1146 795 1203 Hi
817 1152 980 1222 postquam
1001 1149 1036 1205 in

154 1244 215 1288 una
248 1228 367 1283 moenia
399 1231 580 1322 convenerq
599 1209 715 1302 dispari
746 1211 866 1300 generd,
890 1213 1038 1284 dissimili

154 1285 271 1381 linguai,
294 1307 371 1364 alius
397 1309 456 1364 alio
491 1324 574 1364 more
599 1307 748 1377 viventes
771 1306 947 1365 incredibile
972 1327 1037 1366 me-

154 1393 274 1444 moratu
289 1392 336 1443 est
353 1375 443 1463 qubm
464 1388 550 1444 facile
566 1387 742 1444 coaluerint.
788 1387 848 1445 Sed
867 1393 1034 1464 postquam

103 1471 137 1525 15
153 1485 201 1524 res
224 1485 330 1524 corum
353 1468 479 1538 civibus,
495 1467 638 1537 moribus,
656 1468 741 1542 agris
762 1474 859 1538 aucta,
876 1469 953 1526 satis
967 1487 1036 1544 pro·

155 1566 243 1624 spera
271 1549 406 1624 satisque
433 1548 551 1624 pollens
577 1547 746 1618 videbatur,
769 1548 860 1604 sicuti
888 1549 1034 1624 pleraque

154 1628 329 1686 mortalium
350 1628 509 1698 habentur,
525 1628 641 1685 invidia
656 1645 694 1684 ex
717 1616 873 1703 opulentid
888 1635 955 1686 orta
974 1637 1033 1686 est.

155 1707 258 1782 Igitur
271 1727 359 1784 reges
370 1709 534 1785 populique
544 1708 674 1764 finitumi
686 1708 764 1765 bello
776 1711 1034 1784 temptare‚pauei

154 1807 192 1845 ex
202 1789 309 1846 amicis
320 1789 432 1846 auxilio
442 1807 525 1861 esse3
540 1806 611 1845 nam
622 1788 713 1845 ceteri
725 1793 809 1846 metu
817 1789 946 1864 perculsi
956 1809 974 1847 a
983 1809 1036 1864 pe-

102 1872 139 1927 20
154 1869 259 1926 riculis
269 1870 402 1926 aberant.
439 1869 624 1926 AtRomani
634 1868 716 1925 domi
725 1868 912 1944 militiaeque
923 1870 1032 1928 intenti

109 2001 113 2026 ·.
142 1949 307 2019 ,festinare
323 1967 440 2024 parare,
462 1950 540 2006 alius
563 1949 655 2006 alium
678 1948 800 2018 hortari,
822 1949 962 2006 hostibus
983 1951 1036 2008 ob

96 2027 99 2034 “
155 2029 235 2086 viam
265 2030 317 2102 ire,
340 2030 524 2100 libertatem,
548 2029 679 2104 patriam
707 2039 907 2105 parentesque
939 2031 1034 2088 armis

153 2115 266 2184 tegere.
316 2110 399 2180 Post,
429 2110 482 2167 ubi
515 2109 650 2185 pericula
678 2109 791 2166 virtute
825 2111 1032 2186 propulerant,

155 2190 245 2246 sociis
274 2195 364 2265 atque
394 2190 501 2247 amicis
531 2190 645 2246 auxilia
673 2190 846 2264 portabant,
871 2191 1033 2266 magisque

101 2273 137 2329 25
153 2270 263 2335 dandis
279 2289 371 2345 quam
393 2270 581 2345 accipiundis
596 2269 749 2327 benefieiis
773 2269 924 2328 amicitias
947 2289 1035 2346 para·

153 2351 236 2407 bant.
280 2350 448 2426 Imperium
463 2351 653 2424 legitumum‚
665 2367 775 2406 nomen
789 2351 897 2426 imperi
912 2352 1033 2426 regium
1048 2342 1117 2393 l—

154 2431 315 2488 habebant.
359 2430 484 2500 Deleeti,
501 2431 611 2506 quibus
637 2447 747 2505 eorpus
767 2431 855 2487 annis
870 2431 1032 2503 infirmum,

152 2511 309 2584 ingenium
334 2507 485 2586 sapientia·
501 2511 635 2567 validum
660 2514 734 2580 erat,
750 2510 793 2567 rei
812 2511 950 2585 publicae
965 2530 1035 2569 con-

154 2591 325 2649 sultabant:
348 2590 380 2648 hi
392 2591 439 2647 vel
449 2596 548 2648 aetate
561 2590 608 2646 vel
620 2608 709 2647 curae
717 2589 916 2649 similitudine
927 2597 1033 2667 patres

100 2675 138 2730 30
154 2671 392 2746 appellabantur.
438 2670 521 2740 Post,
539 2671 590 2727 ubi
614 2670 732 2744 regium
756 2670 925 2745 imperium,
951 2673 1033 2747 quod

153 2750 242 2808 initio
265 2751 492 2808 conservandae
516 2751 668 2807 libertatis
694 2755 784 2826 atque
810 2752 967 2826 augendae
990 2752 1033 2808 rei

152 2831 291 2906 publicae
307 2831 413 2901 fuerat,
430 2831 461 2887 in
483 2831 654 2905 superbiam
676 2831 977 2907 dominationemque
999 2849 1032 2890 se

153 2912 314 2980 convertit,
331 2911 494 2969 immutato
516 2928 599 2967 more
620 2928 721 2967 annua
740 2911 870 2986 imperia
884 2911 1032 2988 binosque

152 2991 353 3065 imperatores
368 2990 426 3046 sibi
442 2990 555 3065 fecere:
577 3007 613 3045 eo
628 2990 721 3068 medo
727 2993 862 3060 minume
876 3009 966 3067 posse
981 3011 1035 3069 pu-

100 3071 137 3126 35
154 3071 263 3125 tabant
277 3086 331 3141 per
341 3069 496 3149 licentiam
511 3067 694 3124 insolescere
705 3054 840 3125 animum
855 3070 1033 3132 humanum.

195 3148 222 3208 t.
247 3147 307 3203 Sed
329 3151 365 3202 e'a
382 3152 566 3228 tempestate
588 3149 850 3236 eoepcrexsegqqis
927 3207 934 3236 ‹
975 3153 1035 3246 &is

155 3225 301 3280 extollere
323 3219 492 3298 magisqud
508 3221 726 3296 ingeniu'm'l'i'r'
740 3168 910 3300 praemiali
933 3169 1033 3291 ἔξω,

129 3294 236 3358 P*Nam
265 3304 386 3375 regibus
415 3303 489 3358 boni
518 3320 609 3374 quam
630 3305 703 3358 mali
725 3307 930 3379 suspectiores
936 3317 1036 3384 mint,

156 3397 334 3454 semperque
354 3381 399 3436 eis
419 3380 520 3436 aliena
536 3380 632 3435 virtus
654 3381 849 3441 formidolosa
870 3389 1035 3448 estamsed
