2346 3718
73 173 116 237 20
351 187 380 234 c.
397 185 577 233 saunnsrr
605 185 726 232 ca1sr1

127 347 159 404 in
181 347 248 404 loca
270 344 440 422 propinqua
462 343 615 403 thesauris
639 343 717 400 alius
740 342 800 400 alio
819 362 1001 405 concessere.

129 426 189 485 Sed
206 425 366 501 Hiempsal
380 425 412 481 in
428 424 537 498 oppido
554 423 715 480 Thirmida
738 425 813 480 sorte
834 427 898 498 ejus
914 428 1003 484 domo

127 508 277 575 utebatur,
307 506 359 580 qui
395 521 562 581 proxumus
591 504 681 561 lictor
709 505 883 578 Jugurthae
917 524 1003 563 carus

127 595 327 662 acceptusque
361 585 388 642 ei
422 601 539 660 semper
573 585 693 657 fuerat;
728 602 817 658 quem
852 586 902 642 illc
931 604 1004 643 casu

93 668 301 724 dminietrum
329 665 464 722 oblatum
492 664 650 740 promissis
678 671 784 721 onerat
806 665 1002 742 impellitque,

126 748 344 822 utitamquam
373 763 459 802 suam
485 745 588 801 visens
616 745 740 802 domum
762 751 820 816 eat,
846 754 1003 822 portarum

127 829 229 886 claves
258 826 445 885 adulterinas
466 830 682 901 paret-nam
706 842 793 881 verae
815 827 853 883 ad
881 827 1005 903 Hiemp-

127 909 222 966 salem
245 907 500 964 referehantur-
514 911 655 976 ceterum,
675 902 727 961 ubi
753 922 801 962 res
825 907 1002 982 postularet,

127 1007 158 1046 se
184 989 281 1062 ipsum
307 1006 375 1044 cum
401 1004 514 1060 magna
538 1003 629 1042 manu
657 992 824 1044 venturum.
869 987 1005 1044 Numida

75 1071 112 1127 10
127 1069 272 1126 mandata
286 1069 371 1124 brevi
385 1066 505 1125 conficit
520 1074 620 1140 atque,
636 1066 682 1122 uti
697 1065 805 1122 doctus
824 1074 896 1137 erat,
914 1074 1004 1125 noctu

126 1148 300 1224 Jugurthae
309 1148 420 1205 milites
431 1146 604 1203 introducit.
630 1146 688 1218 Qui
700 1151 862 1220 postquam
875 1148 905 1204 iu
914 1148 1004 1205 aedes

127 1231 268 1305 irrupere,
290 1227 404 1285 divorsi
425 1245 528 1302 regem
549 1244 701 1301 quaerere,
718 1227 902 1284 dormientes
918 1229 1002 1298 alios,

128 1311 203 1368 alios
227 1316 420 1367 occursantes
448 1307 622 1376 interlicere,
649 1308 776 1364 scrutari
799 1307 865 1364 loca
890 1309 1003 1380 abdita,

127 1391 230 1449 clausa
239 1391 406 1464 effringere,
418 1389 547 1465 strepitu
558 1394 589 1444 et
598 1387 733 1444 tumultu
745 1388 847 1445 omnia
858 1389 984 1447 miscere
997 1411 1004 1464 ;

76 1477 112 1533 15
127 1490 195 1530 cum
210 1471 330 1529 interim
343 1468 502 1544 Hiempsal
513 1468 662 1544 reperitur
674 1467 830 1525 occultans
840 1487 872 1526 se
882 1471 1005 1544 tugurio

127 1553 263 1610 mulieris
286 1551 421 1619 ancillae,
438 1568 498 1625 quo
513 1549 602 1606 initio
616 1549 747 1625 pavidus
763 1556 794 1606 et
808 1550 931 1624 ignarus
947 1551 1005 1608 loei

126 1633 309 1711 perfugerat.
353 1631 506 1688 Numidae
521 1637 613 1706 caput
627 1632 700 1706 ejus
711 1630 757 1688 uti
766 1631 846 1705 jussi
861 1639 954 1702 erant,
966 1633 1006 1692 ad

127 1715 314 1790 Jugurtham
324 1715 471 1772 referunt.

170 1799 213 1854 13.
245 1795 387 1856 Ceterum
417 1796 498 1854 lama
525 1796 605 1853 tanti
624 1794 776 1852 'facinoris
804 1813 858 1870 per
885 1812 1006 1854 omnem

75 1881 112 1937 20
129 1878 263 1936 Africam
278 1879 362 1936 brevi
378 1878 561 1952 divulgatur.
606 1875 813 1934 Adherbalem
829 1895 1003 1953 omnesque,

127 1961 178 2035 qui
204 1960 261 2016 sub
283 1960 410 2034 imperio
433 1958 581 2034 Micipsae
604 1959 731 2029 fuerant,
755 1963 855 2015 metus
877 1959 1005 2017 invadit.

129 2041 165 2097 In
181 2041 257 2099 duas
280 2047 383 2116 partes
400 2041 561 2098 discedunt
576 2039 748 2098 Numidae:
770 2041 872 2115 plures
889 2039 1008 2098 Adher-

127 2122 226 2179 balem
248 2130 424 2199 sequuntur,
438 2123 490 2181 sed
513 2123 597 2179 illum
621 2122 748 2179 alterum
764 2121 843 2178 bello
858 2122 1005 2180 meliores

127 2204 230 2278 Igitur
250 2205 408 2280 <Iugurtha
431 2223 521 2280 quam
543 2222 700 2263 maxumas
715 2208 818 2279 potest
839 2204 942 2280 copias
964 2221 1009 2260 ar-

75 2285 305 2355 sanaturum
329 2287 441 2362 partim
463 2287 503 2354 vi,
528 2286 605 2344 alias
620 2286 778 2343 voluntate
802 2286 930 2360 imperio
951 2303 1007 2344 suo

128 2365 275 2441 adjungit,
293 2369 375 2425 omni
398 2368 564 2425 Numidiae
585 2369 732 2444 imperare
748 2373 846 2442 parat.
891 2365 1008 2423 Adher·
1036 2405 1041 2412 ·

127 2447 185 2518 bal,
206 2449 329 2505 tametsi
352 2450 485 2506 Romam
508 2450 628 2521 legatos
649 2449 783 2517 miserat,
800 2449 849 2523 qui
866 2455 1007 2504 senatum

128 2529 272 2585 docerent
298 2530 335 2586 de
365 2531 455 2587 caede
479 2529 580 2586 fratris
606 2535 636 2586 et
652 2529 782 2586 fortunis
806 2529 877 2594 suis,
902 2533 1008 2585 tamea

128 2608 221 2665 fretus
231 2610 425 2666 multitudine
436 2611 566 2667 militum
578 2610 706 2684 parabat
716 2610 807 2666 armis
817 2608 1006 2666 contendere.

75 2691 113 2746 30
130 2688 190 2746 Sed
212 2689 263 2745 uhi
284 2709 334 2748 res
356 2691 395 2747 ad
417 2697 569 2747 certamen
591 2691 684 2760 venit,
707 2690 806 2746 victus
835 2707 872 2746 ex
893 2689 1008 2764 proelio

127 2770 265 2844 profugit
280 2771 309 2828 in
325 2771 513 2846 provinciam
529 2789 563 2828 ao
577 2771 685 2827 deinde
698 2770 829 2826 Romam
841 2769 1007 2827 contendit.

131 2849 209 2905 'lum
231 2850 389 2925 «iugurtha
410 2851 540 2925 patratis
563 2851 706 2920 consiliis
723 2856 885 2926 postquam
907 2849 1008 2906 omnis

129 2929 291 2988 Numidiae
317 2932 501 3006 potiebatur,
525 2931 556 2988 in
586 2932 648 2989 otio
677 2931 795 2987 facinus
821 2947 909 2987 suurn
938 2947 1009 2987 cum

129 3010 230 3068 animo
251 3017 404 3087 reputans
421 3012 528 3069 timere
550 3012 697 3088 populum
714 3012 889 3068 Romanum
912 3027 1009 3086 neque

76 3091 112 3146 35
129 3090 278 3147 advorsus
300 3092 375 3148 iram
398 3094 462 3165 ejus
478 3110 605 3166 usquam
629 3092 687 3148 nisi
703 3091 735 3147 iu
751 3091 880 3148 avaritia
904 3089 1010 3146 nobili·

128 3170 204 3227 tatis
229 3176 260 3228 et
279 3171 407 3246 pecunia
429 3189 485 3228 sua
506 3189 591 3246 spem
612 3171 729 3229 habere.
774 3173 883 3246 Itaque
903 3170 1009 3244 paucis

130 3249 237 3306 diebus
257 3269 324 3307 cum
346 3268 418 3307 auro
434 3257 464 3307 et
485 3258 610 3322 argento
630 3253 725 3308 multo
742 3251 873 3308 Romam
889 3251 1009 3324 legatos

129 3329 234 3395 mittit,
258 3331 326 3405 quis
348 3330 504 3406 praecipit,
527 3331 658 3405 primum
681 3332 725 3388 uti
750 3339 866 3386 veteres
896 3330 1010 3387 amicos

131 3408 305 3467 muneribus
327 3410 476 3484 expleant,
500 3410 608 3467 deinde
631 3428 727 3467 novos
750 3411 920 3484 adquirant,
943 3427 1011 3484 pos-
