2346 3718
68 154 111 216 40
347 170 375 216 o.
393 147 573 216 santusrr
600 169 721 216 carsrr

123 327 186 383 lum
203 327 339 384 socordia
351 326 450 400 magis
460 344 549 402 quarn
561 327 631 384 dolo
645 328 809 386 crederent.
853 327 913 386 Sed
923 333 1005 404 post-

123 425 216 482 quam
232 407 351 480 dilapso
368 415 502 480 ternpore
522 407 711 464 comitiorum
727 409 793 465 dies
804 409 1004 478 adventabat,

124 487 267 557 Albinus,
284 487 366 543 Aulo
381 487 473 543 fratre
489 487 520 543 in
535 487 644 544 castris
659 506 713 564 pro
734 494 872 564 praetore
887 490 1002 558 relicto,

126 568 259 624 Romam
275 567 413 623 decessit.

91 649 108 704 5
165 650 211 708 37.
235 647 473 722 Eatempestate
485 646 604 704 Rornae
620 647 822 705 seditionibus
832 649 1005 706 tribuniciis

126 729 267 784 atrociter
281 745 329 784 res
344 727 466 801 publica
482 727 668 802 agitabatur.
712 728 745 785 P.
759 728 906 786 Lucullus
921 734 952 786 et
967 729 1003 786 L.

125 808 255 876 Annine,
271 807 506 881 tribuniplebis,
524 808 736 865 resistentibus
762 809 894 882 collegis,
911 809 1006 866 conti-

126 905 218 944 nuare
234 886 445 961 magistratum
462 888 646 958 nitebantur,
655 907 732 964 quae
748 889 899 946 dissensio
910 892 1005 945 totius

127 969 198 1024 anni
213 969 337 1025 comitia
348 967 539 1043 impediebat.
585 967 632 1024 na
647 986 732 1024 mora
748 969 779 1025 iu
795 987 878 1044 spem
896 969 1006 1026 adduc-

74 1049 110 1104 10
126 1055 177 1105 tus
206 1049 315 1117 Aulus,
331 1066 420 1122 quem
445 1065 501 1123 pro
523 1053 661 1123 praetore
684 1049 714 1104 in
737 1049 845 1106 castris
866 1050 1005 1107 relictum

126 1147 219 1202 supra
234 1129 373 1198 diximus
383 1133 436 1184 aut
451 1127 630 1185 conficiundi
643 1129 713 1185 belli
730 1136 783 1185 aut
797 1135 910 1187 terrore
926 1147 1007 1186 exer-

127 1209 205 1266 citus
235 1210 271 1264 ab
299 1227 369 1282 rege
391 1209 536 1283 pecuniae
566 1209 745 1282 capiundae,
769 1210 881 1266 milites
903 1228 1006 1267 mense

127 1289 148 1346 J
151 1290 276 1346 anuario
291 1307 328 1344 ex
351 1288 486 1345 hibernis
502 1289 533 1344 in
550 1289 774 1364 expeditionem
791 1296 907 1360 evocat,
924 1309 1009 1364 mag-

128 1371 235 1444 nisque
251 1369 410 1426 itineribus
426 1368 524 1425 hieme
537 1385 645 1444 aspera
660 1370 799 1444 pervenit
815 1371 852 1427 ad
863 1371 1006 1446 oppidum

76 1451 112 1506 15
130 1449 248 1519 Suthul,
266 1450 316 1505 ubi
332 1451 413 1523 regis
428 1450 565 1506 thesauri
581 1456 674 1507 erant.
720 1451 807 1523 Quod
822 1469 1008 1525 quamquam

78 1557 82 1560 ·
100 1598 103 1604 Ἰ
128 1537 160 1586 et
175 1531 304 1586 saevitia
319 1530 465 1606 temporis
475 1535 506 1586 et
518 1531 747 1604 opportunitate
758 1531 814 1587 loci
831 1549 925 1605 neque
941 1530 1008 1606 capi

128 1628 225 1684 neque
242 1611 373 1668 obsideri
390 1616 634 1684 poterat—nam
649 1611 761 1667 circum
777 1611 1009 1678 mururn,situm

128 1691 158 1746 in
174 1691 327 1765 praerupti
340 1691 452 1747 montis
467 1696 614 1759 extremo,
623 1691 767 1765 planities
779 1691 887 1747 limosa
899 1691 1010 1747 hierna-

130 1770 210 1826 libus
226 1771 312 1845 aquis
327 1771 469 1846 paludem
486 1771 601 1826 fecerat
611 1806 653 1818 —
664 1777 767 1828 tamen
778 1777 830 1828 aut
844 1771 1009 1827 simulandi

77 1854 114 1909 20
129 1850 237 1926 gratia,
254 1869 312 1925 quo
335 1851 399 1924 regi
421 1850 613 1907 formidinem
636 1851 769 1920 adderet,
794 1855 847 1908 aut
868 1852 1009 1927 cupidine

129 1948 237 1989 caecus
259 1932 296 1988 ob
311 1931 471 1987 thesauros
495 1930 596 2006 oppidi
619 1932 765 2005 potiundi,
783 1931 888 1988 vineas
911 1949 1009 2006 agere,

131 2030 275 2086 aggerem
301 2013 410 2086 jacere,
434 2011 562 2086 aliaque,
579 2029 657 2086 quae
678 2012 880 2088 inceptousui
901 2013 1009 2083 forent,

130 2111 297 2168 properare.

171 2177 217 2230 38.
241 2173 286 2230 At
296 2173 317 2230 J
319 2171 460 2246 ugurtha,
473 2171 596 2245 cognita
610 2172 747 2228 vanitate
760 2177 849 2246 atque
860 2173 1012 2246 imperitia

79 2256 115 2311 25
131 2253 235 2327 legati,
249 2253 375 2309 subdole
387 2255 451 2326 ejus
464 2270 575 2326 augere
591 2253 765 2321 amentiam,
780 2252 932 2309 missitare
945 2271 1013 2326 sup·

130 2333 279 2409 plicantes
308 2334 435 2408 legatos
459 2333 523 2407 ipse
555 2333 642 2407 quasi
665 2332 853 2388 vitabundus
873 2350 926 2406 per
956 2334 1013 2388 sal-

131 2421 222 2471 tuosa
236 2413 304 2471 loca
318 2421 349 2470 et
364 2413 505 2469 tramites
518 2414 681 2469 excrcitum
695 2412 828 2469 ductare.
872 2411 1012 2487 Denique

132 2495 248 2553 Aulum
271 2513 323 2569 spe
346 2492 498 2567 pactionis
520 2493 662 2566 perpulit,
679 2493 725 2548 uti
748 2492 856 2548 relicto
881 2491 1012 2550 Suthule

132 2576 163 2632 in
187 2575 306 2631 abditas
321 2574 460 2648 regiones
476 2589 541 2628 sese
558 2573 652 2629 veluti
668 2573 824 2630 cedentem
846 2573 1015 2647 insequere-

79 2660 117 2715 30
132 2662 197 2713 tur:
220 2656 263 2712 ita
284 2655 395 2711 delicta
417 2653 581 2710 occultiora
604 2653 696 2710 lucre.
741 2653 863 2709 Interea
884 2670 937 2727 per
960 2653 1011 2709 ho-

133 2736 231 2792 mines
247 2736 372 2792 callidos
388 2735 440 2791 diu
462 2740 613 2808 noctuque
630 2733 795 2790 exercitum
818 2734 991 2806 temptabat
1005 2754 1012 2806 3

134 2817 326 2873 centuriones
343 2816 494 2888 ducesque
510 2820 679 2870 turmarum
696 2814 806 2888 partim
823 2814 868 2870 uti
885 2815 1015 2869 transiu-

134 2901 242 2970 gerent
257 2913 456 2971 corrumpere,
468 2894 518 2950 alii
536 2895 622 2968 signo
638 2894 710 2950 dato
725 2894 824 2950 locum
840 2894 884 2949 uti
900 2893 1016 2950 descre-

133 2983 209 3034 rent.
255 2977 339 3049 Quae
361 2982 523 3051 postquam
539 2993 577 3031 ex
591 2974 744 3030 sententia
761 2974 891 3040 instruit,
909 2975 1017 3029 intern-

82 3061 222 3133 seposta
243 3063 331 3113 nocte
347 3056 384 3112 de
407 3055 572 3130 improviso
595 3053 791 3110 multitudine
808 3053 1014 3110 Numidarum

135 3138 209 3196 Auli
225 3143 327 3194 castra
347 3133 554 3193 circumvenit.
599 3133 715 3189 Milites
738 3133 869 3190 Romani
884 3135 1015 3208 perculsi

135 3217 269 3273 tumultu
291 3217 423 3282 insolito,
447 3232 531 3269 arma
553 3231 659 3286 capere
682 3212 742 3281 alii,
767 3213 816 3268 alii
840 3231 871 3268 se
894 3215 1014 3284 abdere,

136 3314 208 3371 pars
229 3297 351 3352 territos
374 3294 560 3362 confirmare,
583 3292 735 3366 trepidare
758 3292 899 3348 omnibus
926 3294 1017 3365 locis;

139 3375 186 3431 vis
200 3393 314 3448 magna
329 3373 471 3442 hostium,
484 3371 599 3428 caelum
615 3378 702 3428 nocte
716 3378 806 3446 atque
822 3373 954 3430 nubibus
967 3375 1019 3430 ob·
1036 3385 1055 3416 Ἀ

1055 3448 1101 3508 ’ς
