2322 3718
360 1 390 48 .,
442 72 493 154 K
513 21 657 132 M.

268 176 315 222 nn
340 175 631 223 consuanrronn
656 175 874 224 onrrarrvan.
973 161 1034 224 129

102 353 254 394 carcerem
278 335 407 392 deducit.
452 335 537 392 Idem
562 335 595 392 fit
615 335 723 392 ceteris
741 352 795 410 per
816 341 998 411 praetores!
1022 379 1049 406 1,

102 417 162 473 Est
178 418 207 472 in
224 433 340 473 carcere
356 417 538 490 locus,quod
550 415 723 472 Tullianum
739 416 915 490 appellatur,
929 417 980 472 ubi
1009 413 1011 416 ’

100 497 261 571 paululum
285 497 457 578 ascenderis
477 497 516 552 ad
540 495 669 564 laevam,
684 496 802 552 circiter
821 495 980 552 duodecim

100 567 484 651 pedes“humi'depressus
528 575 607 632 Eum
629 575 768 632 muniunt
782 576 916 651 undique
932 594 981 650 pa-

100 657 195 712 rietes
230 663 320 730 atque
354 657 477 730 insuper
505 673 625 712 camera
658 655 786 730 lapideis
815 655 980 713 fornicibus
1015 659 1032 715 5

103 739 221 810 juncta,
238 737 290 794 sed
305 737 430 806 incultU,
447 736 586 806 tenebris
603 736 694 793 odore
710 736 798 792 foeda
817 742 907 812 atque
923 743 980 794 ter·

98 817 201 873 ribilis
229 819 293 890 ejus
316 817 408 874 facies
437 822 491 874 est.
536 816 572 873 In
598 835 665 874 eum
691 816 792 873 locum
816 825 979 892 postquam
1022 871 1025 880 ,

100 897 256 954 demissus
275 904 322 954 est
340 897 499 966 Lentulus
515 896 651 966 vindices
673 914 773 953 rerum
793 897 978 985 capitalium,
998 915 1001 932 ¹
1076 907 1095 927 ¹*

100 978 214 1051 quibus
228 985 422 1052 pracceptum
437 983 510 1047 erat,
521 975 629 1052 laqueo
644 977 748 1050 gulam
763 977 886 1051 fregere.
930 978 980 1035 Ita

100 1057 153 1114 ille
174 1058 321 1132 patricius
335 1076 372 1116 ex
392 1063 482 1132 gente
498 1058 678 1114 clarissuma
694 1056 913 1127 Corneliorum,
929 1059 979 1134 qui
996 1061 1033 1118 10

100 1139 261 1194 consulare
277 1138 437 1214 imperium
453 1138 569 1194 Romae
582 1137 738 1205 habuerat,
750 1137 878 1211 dignum
892 1140 980 1195 mori-

100 1219 159 1274 bus
181 1217 328 1294 factisque
351 1219 415 1276 suis
438 1219 565 1275 exitium
586 1218 669 1274 vitae
691 1218 816 1274 invenit.
861 1217 907 1274 De
926 1218 980 1277 Ce-

100 1299 206 1371 thego,
222 1298 353 1370 Statilio,
367 1299 506 1370 Gabinio,
520 1298 678 1373 Caepario,
691 1298 797 1355 eodem
809 1299 900 1355 modo
912 1316 980 1375 sup-

99 1379 222 1454 plicium
240 1384 394 1455 sumptum
407 1384 461 1437 est.

143 1462 190 1516 56.
214 1459 295 1516 Dum
313 1478 350 1517 ea
367 1459 484 1517 Rornae
508 1465 662 1534 geruntur,
681 1459 815 1518 Catilina
835 1476 873 1516 ex
895 1459 979 1516 omni
995 1461 1031 1519 15

100 1539 198 1616 copia,
213 1558 305 1616 quam
319 1547 351 1598 et
365 1540 430 1617 ipse
446 1541 617 1598 adduxerat
626 1547 659 1596 et
671 1539 806 1596 Manlius
823 1540 977 1610 habuerat,

100 1621 179 1678 duas
194 1621 331 1695 legiones
339 1621 482 1691 instituit,
493 1620 633 1677 cohortes
642 1637 697 1696 pro
709 1637 835 1676 numero
846 1620 979 1678 militum

100 1701 252 1777 complet3
282 1702 400 1772 deinde,
423 1707 457 1760 ut
485 1701 611 1776 quisque
642 1701 833 1757 voluntarius
861 1707 915 1758 aut
942 1719 979 1759 ex

100 1782 193 1839 sociis
214 1782 247 1838 in
269 1788 369 1838 castra
384 1788 518 1851 venerat,
534 1781 701 1856 aequaliter
721 1781 926 1850 distribuerat,
944 1800 978 1838 ac

100 1863 189 1918 brevi
204 1863 302 1937 spatio
316 1862 453 1936 legiones
476 1879 600 1919 numero
621 1861 780 1918 hominum
795 1861 978 1935 expleverat,
994 1865 1032 1921 20

100 1960 171 2000 cum
194 1942 281 2000 initio
304 1961 365 2000 non
388 1943 518 2017 amplius
533 1943 651 1999 duobus
671 1941 796 1998 milibus
812 1941 977 1998 habuisset.

101 2022 163 2080 Sed
178 2041 216 2080 ex
236 2023 319 2080 ornni
341 2023 428 2098 copia
450 2022 567 2079 circiter
582 2040 652 2096 pars
667 2029 776 2097 quarta
790 2027 856 2079 erat
869 2023 980 2080 milita·

99 2103 188 2160 ribus
217 2104 310 2159 armis
338 2103 506 2176 instructa;
535 2103 636 2173 ceteri,
658 2109 693 2159 ut
718 2120 867 2177 quamque
889 2121 978 2159 casus

100 2192 283 2253 armaverat,
295 2199 399 2258 sparos
416 2189 468 2240 aut
483 2182 612 2252 lanceas,
624 2182 676 2238 alii
692 2189 871 2258 praeacutas
887 2183 979 2240 sudes

99 2263 273 2339 portabant.
318 2263 378 2320 Sed
399 2269 561 2338 postquam
583 2263 739 2320 Antonius
755 2281 823 2320 cum
845 2264 979 2321 exercitu
995 2266 1031 2322 25

100 2344 297 2412 adventabat,
316 2343 450 2400 Catilina
471 2360 524 2417 per
546 2348 667 2399 montes
689 2343 748 2399 iter
765 2342 870 2413 facere,
887 2344 978 2400 modo

100 2424 141 2480 ad
157 2423 268 2492 urbem,
285 2423 376 2480 modo
397 2423 429 2478 in
445 2423 576 2482 Calliam
590 2440 700 2480 vorsus
721 2428 822 2480 castra
846 2441 976 2494 movere,

99 2504 243 2561 hostibus
267 2503 455 2560 occasionem
472 2503 631 2577 pugnandi
646 2521 709 2561 non
723 2502 814 2578 dare;
836 2504 978 2580 sperabat

99 2583 277 2658 propediem
298 2601 426 2658 magnas
449 2584 552 2658 copias
575 2601 641 2639 sese
666 2583 853 2654 habiturum,
869 2585 895 2641 si
918 2584 979 2641 Ro-

99 2658 169 2720 mae
199 2663 271 2720 socii
298 2664 419 2738 incepta
442 2663 658 2738 patravissent.
707 2664 830 2721 Interea
855 2664 980 2721 servitia
994 2669 1031 2723 30

98 2744 290 2818 repudiabat,
307 2746 392 2818 cujus
408 2744 494 2801 initio
510 2744 631 2801 adeum
647 2761 777 2818 magnae
793 2745 896 2820 copiae
913 2763 979 2800 con-

99 2825 270 2894 currebant,
279 2825 387 2900 opibus
399 2825 615 2899 conjurationis
627 2824 731 2894 fretae,
740 2825 830 2880 simul
846 2825 977 2881 alienum

99 2905 166 2961 suis
193 2905 363 2961 rationibus
384 2906 582 2974 existumans,
605 2903 700 2962 videri
721 2923 846 2962 causam
866 2905 978 2962 civium

98 3002 169 3042 curn
186 2986 282 3042 servis
296 2985 435 3060 fugitivis
450 2985 730 3042 communicavissc.

141 3067 187 3126 51.
212 3065 271 3122 Sed
300 3074 461 3142 postquam
491 3067 523 3122 in
551 3072 651 3122 castra
684 3064 809 3122 nuntius
839 3065 978 3140 pervenit
993 3067 1029 3123 35

99 3145 219 3203 Romae
246 3148 483 3219 conjurationem
508 3147 701 3220 patefactam,
725 3145 761 3200 de
788 3144 921 3200 Lentulo
946 3154 977 3202 et

101 3225 240 3300 Cethego
264 3227 439 3301 ceterisque,
455 3245 532 3301 quos
558 3243 649 3300 supra
671 3225 845 3293 memoravi,
862 3225 976 3300 suppli-

100 3307 181 3364 cium
197 3314 349 3381 sumptum
364 3327 371 3379 3
393 3307 536 3381 plerique,
549 3324 624 3380 quos
637 3305 674 3362 ad
689 3305 801 3360 bellum
817 3322 887 3378 spes
901 3306 977 3377 rapi-

100 3405 209 3444 narum
229 3391 282 3442 aut
302 3404 450 3442 novarum
476 3403 574 3441 rerum
590 3384 725 3440 studium
741 3383 887 3452 illexerat,
903 3383 976 3439 dila·

187 3463 268 3510 asar.

24 3551 30 3568 ι,
69 3502 210 3572 &abacti

22 3601 56 3642 b*
70 3582 97 3634 111,
113 3587 135 3629 Q„
158 3589 218 3632 »⁴⁴de
235 3581 256 3603 Μ’
