2322 3718
97 155 140 219 94
372 169 401 216 c.
418 168 598 216 sannusrr
626 167 749 216 omem

151 327 230 385 bello
250 327 425 402 plurumum
447 327 604 401 ingenium
624 345 722 403 posse.
767 328 856 401 Quod
878 329 902 386 si
921 347 1040 404 regum

152 416 242 483 atque
263 408 479 480 imperatorum
502 408 593 463 animi
610 408 707 465 virtus
728 408 760 464 in
781 426 854 483 pace
877 409 922 466 ita
943 417 981 467 nt
1005 412 1041 468 in

101 527 102 530 η
151 489 230 545 bello
245 488 370 556 valeret,
382 487 573 563 aequabilius
589 495 678 563 atque
694 489 887 546 constantius
903 507 970 546 sese
985 509 1042 548 res

152 569 302 626 humanae
332 567 490 638 haberent,
514 585 611 642 neque
633 568 716 625 aliud
745 568 803 624 alio
829 570 908 641 ferri,
932 588 1043 647 neque

118 655 135 710 5
152 649 263 706 mutari
280 667 314 705 ac
330 648 451 704 misceri
467 648 569 704 omnia
584 666 728 706 cerneres.
773 647 854 705 Nam
870 650 1043 727 imperium

152 729 239 787 facile
255 731 300 786 eis
312 729 430 786 artibus
446 727 602 798 retinetur,
613 728 725 803 quibus
740 728 828 786 initio
843 737 965 806 partum
976 743 1042 790 est.

153 809 266 866 Verum
288 809 339 865 ubi
361 826 415 885 pro
438 807 541 865 labore
564 807 691 877 desidia,
713 826 768 883 pro
790 811 982 903 confflentia
1008 821 1046 870 et

153 889 304 965 aequitate
333 889 437 946 lubido
460 893 551 963 atque
574 889 716 964 superbia
737 871 885 961 irridete,
907 891 1047 952 fortuna

153 970 243 1026 simul
253 988 319 1026 cum
336 969 471 1026 moribus
488 968 676 1028 immutatur.
720 969 770 1026 Ita
784 970 943 1046 imperium
957 990 1047 1031 sem-

101 1053 137 1110 10
153 1069 205 1126 per
215 1051 253 1106 ad
268 1058 424 1126 optumum
437 1067 585 1124 quemque
603 1069 621 1106 a
636 1051 737 1108 minus
752 1050 830 1107 bono
841 1053 1044 1142 tranpfertur.
1063 1083 1082 1110 ι.

154 1132 239 1204 Quae
258 1130 405 1210 ,quines
428 1135 525 1199 arant,
551 1131 709 1206 navigant,
733 1131 898 1201 aedificant,
921 1116 1084 1193 viffistiffi

153 1199 421 1284 omnia'‘par·cirt.'‘'
438 1209 499 1268 Sed
523 1211 613 1267 multi
642 1212 786 1269 mortales
814 1213 909 1270 dediti
931 1217 1048 1273 ventri

153 1298 243 1366 atque
266 1309 380 1360 somno,
397 1291 509 1348 indocti
532 1292 704 1368 incultique,
727 1293 822 1378 vitpm
842 1293 931 1349 sicuti
951 1313 1051 1369 pere·

153 1373 310 1446 grinantes
340 1372 501 1430 transiere:
527 1374 638 1448 quibus
665 1373 799 1448 profecto
821 1379 1050 1434 contrabatu-

101 1455 137 1511 15
152 1471 215 1510 ram
232 1471 339 1528 corpus
350 1453 511 1528 voluptati,
525 1455 627 1511 anima
642 1455 724 1510 oneri
740 1454 805 1510 fuit.
849 1454 962 1510 Eorum
974 1474 1050 1531 ego

154 1535 248 1592 vitam
265 1541 454 1608 mortemque
474 1537 563 1608 juxta
579 1540 725 1603 aestum0,
742 1534 885 1606 quoniam
902 1535 938 1591 de
954 1541 1051 1594 utra-

153 1635 210 1692 que
244 1616 357 1673 siletur.
405 1614 521 1672 Verum
556 1616 711 1672 enimvero
744 1614 770 1670 is
802 1614 922 1671 demum
958 1617 1049 1676 mihi

118 1765 123 1772 ι
153 1698 255 1754 vivere
272 1707 361 1771 atque
385 1696 444 1752 frui
463 1692 566 1753 anima
582 1697 747 1790 videtuqu
768 1694 776 1749 i
794 1695 895 1770 aliquo
910 1699 1048 1770 negotio

8 1787 23 1812 ¹⁴
60 1781 120 1818 Μ
153 1778 287 1835 intentus
305 1777 453 1854 praeclari
475 1776 617 1834 facinoris
637 1782 689 1832 aut
709 1713 900 1832 ardfflionae
921 1777 1048 1836 famam

100 1859 138 1918 20
153 1861 277 1934 quaerit.
323 1859 382 1918 Sed
397 1858 428 1941 in
441 1875 553 1933 magna
563 1856 650 1932 copia
661 1873 758 1912 rerum
770 1856 852 1913 aliud
863 1855 914 1912 alii
925 1863 1048 1916 natura

153 1941 210 1998 iter
225 1941 366 1998 ostendit.
394 1941 408 1984 V
968 1963 1004 2028 4¹³
1020 1999 1037 2022 ι,

193 2027 219 2080 3.
244 2023 411 2080 Pulchrum
432 2026 480 2078 est
502 2020 577 2077 bene
594 2019 690 2076 facere
705 2017 749 2074 rei
763 2016 918 2090 publicae3
939 2011 1045 2076 etra'm

135 2102 228 2182 3bene
245 2102 344 2160 dicere
365 2102 446 2160 haud
472 2102 639 2158 absurdum
654 2103 717 2171 est3
740 2097 787 2154 vel
803 2115 876 2171 pace
891 2097 939 2153 vel
955 2098 1044 2157 bello

137 2179 267 2240 ‘'clarum
283 2183 343 2241 lieri
365 2184 449 2241 licet:
473 2188 504 2239 et
520 2182 571 2257 qui
588 2180 682 2236 fecere
697 2185 728 2236 et
743 2177 794 2253 qui
809 2177 890 2234 facta
906 2178 1040 2236 aliorum

101 2263 307 2342 25jscripsere,
331 2265 419 2320 multi
449 2262 622 2320 laudantur.
667 2259 729 2339 Ac„
745 2257 825 2337 mihi,
839 2256 970 2333 quidem,
991 2263 1043 2316 ta·

146 2337 240 2401 irretsi
258 2345 495 2419 haudquaquam
511 2361 565 2417 par
582 2341 680 2416 gloria
703 2334 838 2414 sequilrir
852 2339 1038 2414 scriptorem

153 2434 184 2482 et
199 2433 351 2482 auctorem
367 2442 476 2495 rerum,
487 2430 588 2480 tamen
604 2423 635 2479 in
650 2420 756 2498 primis
772 2419 900 2476 arduum
912 2419 1041 2478 videtur

154 2524 202 2562 res
217 2513 321 2580 gestas
337 2505 482 2577 scribere3
505 2505 636 2579 primum
653 2501 735 2576 quod
751 2501 831 2556 fucta
845 2499 935 2557 dictis
950 2517 1040 2556 exae-

155 2587 277 2662 quanda
306 2592 397 2658 sunt3
420 2584 529 2642 dehinc
550 2584 623 2659 quia
641 2582 795 2658 plerique,
818 2598 909 2670 quaq,
923 2579 1039 2664 delicta

101 2671 139 2726 30
154 2666 390 2741 reprehenderis
402 2665 617 2722 malevolentia
632 2671 663 2721 et
678 2661 794 2719 invidia
809 2661 1036 2746 dicta'putant3

154 2747 206 2803 ubi
222 2747 259 2804 de
281 2765 393 2820 magna
410 2746 523 2802 virtute
539 2751 630 2819 atque
647 2744 745 2818 gloria
760 2739 908 2798 bonorur'n
923 2758 1038 2797 memo

155 2845 211 2896 ree,
235 2845 311 2902 quae
340 2826 397 2882 sibi
419 2826 546 2901 quisque
577 2825 678 2882 facilia
706 2823 786 2880 factu
815 2825 912 2898 putat,
937 2839 1036 2896 aequo

156 2908 257 2964 animo
273 2907 389 2981 accipit,
406 2924 498 2981 supra
512 2924 548 2962 ea
564 2905 658 2962 veluti
678 2903 747 2962 ficta
762 2921 816 2978 pro
839 2902 926 2976 falsi—s·
940 2902 1036 2974 ducit
1062 2969 1067 2978 ι
1097 2969 1106 2989 Ι

158 2987 219 3044 Sed
234 3006 249 3042 e
274 2985 546 3062 o'adolescentulns
562 2985 658 3054 initio,
670 2984 760 3040 sicuti
774 2983 919 3057 plerique,
930 2981 1038 3040 studio
1050 3002 1141 3036 μιαν»

105 3069 141 3124 35
158 3066 196 3122 ad
214 3059 451 3138 rempublicam
472 3064 553 3120 latus
575 3081 650 3131 sum,
666 3063 766 3137 ibique
782 3062 857 3119 mihi
873 3062 970 3119 multa
984 3063 1040 3119 ad-

159 3162 249 3199 vorsa
264 3146 352 3200 fuere.
397 3143 475 3198 Nam
492 3159 546 3214 pro
561 3140 684 3215 pudore,
701 3160 755 3217 pro
772 3139 967 3211 abstinentia,
978 3159 1038 3215 pro

159 3217 280 3289 virtuti,
298 3221 432 3286 andacia,
454 3222 586 3293 largitio,
604 3221 736 3290 avaritia
750 3222 905 3294 rigebant.
949 3222 1040 3300 Quane

159 3302 282 3356 tametsi
317 3300 437 3356 animus
471 3291 855 3373 aspernabaturjlnsolens
884 3300 1070 3366 malarunb

161 3379 280 3443 artium,
295 3383 398 3434 tamen
419 3379 497 3433 inter
512 3384 598 3434 tanta
613 3379 690 3434 vitia
705 3379 857 3436 imbecilla
873 3385 958 3437 aetas
975 3400 1052 3444 am.
1154 3414 1159 3423 ·

65 1934 70 1962 l

991 3533 1145 3683 r*
