2322 3718
103 159 165 224 102
385 175 414 222 c.
431 173 612 222 sanuusrr
638 173 760 220 caraci

156 333 301 391 audaciae
316 333 422 391 inerat.
467 331 512 389 Eo
525 349 692 390 convenere
709 332 854 389 senatorii
866 331 987 389 ordinis
1007 332 1047 388 P.

156 413 305 472 Lentulus
322 413 407 483 Sura,
425 412 458 469 Ρ.
473 411 653 481 Autronius,
672 412 706 469 L.
721 411 846 470 Cassius
863 412 1048 487 Longinus,

156 493 189 551 C.
202 494 365 569 Cethegus,
380 493 413 551 P.
429 501 460 550 et
473 492 598 550 Servius
611 491 722 559 Sullae,
735 490 822 549 Servi
836 492 898 561 filii,
912 492 947 548 L.
961 492 1052 549 Var-

156 575 308 648 gunteius,
321 575 355 648 Q.
373 573 503 642 Annius,
516 571 556 629 Μ.
568 573 695 630 Porcius
708 573 816 644 Laeca,
825 573 859 630 L.
872 572 990 640 Bestia,
1006 574 1048 646 Q.
1155 627 1156 652 ,

122 659 139 715 5
156 654 281 726 Curius3
296 662 452 730 praetcrea
467 671 504 710 ex
518 654 651 728 equestri
667 653 771 710 ordine
780 653 821 710 M.
832 653 962 709 Fulvius
976 651 1052 710 No·
1155 661 1156 664 ’

155 735 252 805 bilior,
266 735 300 791 L.
310 734 460 804 Statilius
475 733 507 790 P.
521 733 670 792 Gabinius
679 733 797 809 Capita,
810 733 843 791 C.
855 733 1029 792 Cornelius
1037 727 1152 858 W

156 816 194 873 ad
211 815 266 873 hoc
281 815 369 872 multi
380 831 417 872 ex
432 814 558 871 coloniis
573 819 605 870 et
616 814 799 888 municipiis
810 812 891 871 domi
907 813 1067 870 nobiles.¹

156 896 253 952 Erant
274 901 432 971 praeterea
452 894 621 970 complures
643 895 735 970 paulo
757 894 904 952 occultius
926 895 1050 950 consili

120 1042 123 1048 ¹
157 976 280 1049 hujusce
296 976 460 1051 participes
476 975 602 1045 achilee,
615 992 693 1049 quos
704 974 804 1049 magis
816 973 1051 1032 dominationis

104 1061 140 1116 10
156 1074 226 1131 spes
248 1057 428 1114 hortabatur
443 1073 535 1130 quarn
555 1055 657 1131 inopia
678 1063 731 1113 aut
752 1056 811 1113 alia
831 1055 1049 1114 necessitudo.

158 1137 300 1195 Ceterum
315 1140 464 1212 Juveutus
479 1137 631 1211 pleraque,
649 1137 702 1193 sed
718 1154 858 1194 maxume
875 1135 1050 1207 nobilium,

158 1217 309 1276 Catilinae
324 1219 452 1292 inceptis
468 1217 610 1290 favebat3
637 1217 749 1291 quibus
765 1217 796 1274 in
812 1217 873 1274 otio
888 1216 936 1273 vel
952 1235 1053 1293 mag·
1157 1231 1158 1234 ’

157 1298 242 1356 nifice
250 1299 298 1356 val
308 1299 440 1356 molliter
447 1298 549 1355 vivere
560 1298 647 1372 copia
657 1303 733 1365 erat,
745 1298 920 1372 incertapro
932 1299 1050 1369 certis„

156 1379 266 1436 bellum
280 1399 371 1455 quam
387 1397 493 1454 pacem
508 1379 672 1436 malebant.
716 1378 815 1436 Fuere
830 1379 903 1435 item
914 1395 952 1434 ea
962 1384 1052 1436 tem-

104 1463 140 1518 15
156 1466 275 1534 pestate
297 1461 349 1536 qui
371 1461 535 1528 crederent,
559 1459 601 1517 M.
620 1459 774 1517 Licinium
797 1458 943 1518 Crassum
974 1477 1049 1518 non
1153 1467 1159 1558 q

156 1541 294 1613 ignarum
309 1543 374 1615 ejus
389 1541 495 1598 consili
519 1540 627 1610 fuisse;
650 1540 722 1615 quia
739 1540 793 1598 Cn.
809 1539 974 1613 Pompeius
995 1541 1050 1598 in·

157 1621 242 1678 visus
270 1622 329 1697 ipsi
358 1639 502 1696 magnum
524 1621 689 1677 exercitum
718 1620 871 1689 ductabat,
898 1599 1049 1694 (Ἧᾶἷέἷὲ

157 1719 229 1776 opes
239 1702 372 1758 voluisse
384 1709 490 1759 contra
504 1701 588 1757 illius
603 1700 772 1775 potentiam
787 1718 927 1770 crescere,
942 1701 1048 1760 simul

158 1781 312 1852 conlisum,
337 1783 362 1839 si
385 1782 553 1857 conjuratio
576 1781 730 1853 valuisset,
753 1781 841 1839 facile
863 1781 942 1857 apud
967 1781 1049 1841 illos

104 1863 141 1919 20
156 1862 321 1938 principem
337 1882 368 1920 sc
384 1864 454 1921 fore.

199 1945 241 2000 ia.
269 1943 328 2000 Sed
345 1950 435 2002 antea
450 1944 522 2000 item
536 1943 731 2016 conjuravere
745 1941 835 2017 pauci
850 1947 956 1999 contra
970 1961 1047 2002 rem

156 2024 317 2098 publicam,
341 2025 372 2081 in
395 2025 506 2099 quibus
524 2023 658 2081 Catilina
687 2023 762 2094 fuit3
793 2023 829 2080 de
851 2042 920 2098 qua,
942 2042 1047 2098 quam

158 2105 324 2162 verissume
346 2111 459 2180 potero,
479 2104 586 2162 dicam.
631 2103 665 2161 L.
684 2103 772 2160 Tullo
793 2109 824 2161 et
848 2103 899 2161 Μ’.
918 2103 1047 2178 Lepido

157 2185 342 2256 consulibus,
360 2185 393 2243 P.
411 2186 581 2261 Autronius
595 2189 627 2241 et
642 2184 676 2241 P.
695 2183 779 2241 Sulla
794 2184 947 2259 designati
968 2203 1048 2242 con-

104 2266 140 2320 25
158 2264 246 2332 sulca
264 2265 382 2340 legibus
398 2249 532 2322 alilbilds
546 2265 726 2338 interrogati
747 2282 861 2340 poenas
877 2265 1046 2326 dederant.

158 2345 234 2402 Post
242 2347 333 2420 paulo
345 2346 487 2417 Catilina,
497 2345 692 2421 pecuniarum
706 2346 942 2418 repetundarum
955 2363 1045 2418 reuS,

157 2425 329 2499 prohibitus
350 2434 415 2484 erat
436 2426 626 2483 consulatum
642 2430 753 2500 petere,
769 2426 851 2501 quod
867 2427 946 2482 intra
960 2426 1046 2500 legi-

157 2511 258 2564 tumos
279 2508 344 2564 dies
359 2507 491 2582 profiteri
515 2507 692 2581 nequiverit.
736 2503 813 2563 Erat
834 2507 939 2564 eodem
961 2511 1047 2564 tem-

155 2604 227 2661 poro
245 2587 298 2645 Cu.
313 2587 394 2657 Piso,
405 2587 582 2644 adolescens
597 2586 707 2643 nobilis
723 2603 860 2644 summae
877 2587 1042 2659 audaciae,

103 2669 141 2723 30
156 2685 258 2741 egens,
275 2668 430 2738 factiosus,
447 2687 535 2742 quem
552 2669 591 2725 ad
610 2667 845 2742 perturbandam
862 2685 924 2724 rem
941 2668 1046 2744 publi-

157 2766 221 2804 cani
252 2748 353 2822 inopia
374 2755 464 2823 atque
487 2748 559 2805 mali
581 2766 680 2805 mores
702 2748 910 2806 stimulabant.
956 2748 1041 2807 Cum

157 2829 213 2886 hoc
237 2828 370 2886 Catilina
391 2835 423 2885 et
444 2828 615 2886 Autronius
644 2829 762 2886 circiter
784 2845 881 2886 nonas
910 2829 1044 2886 Decem-

157 2909 218 2965 bris
241 2909 368 2966 consilio
398 2891 630 2975 couldlurlicato,
648 2909 797 2984 parabant
825 2909 855 2965 in
880 2908 1041 2984 Capitolio

157 2989 294 3044 kalendis
322 2989 478 3045 ianuariis
513 2989 547 3045 L.
572 2988 694 3047 Cottam
726 2995 757 3045 et
786 2988 821 3044 L.
843 2989 1039 3064 Torquatum

105 3069 141 3122 35
157 3067 297 3122 consules
313 3067 487 3134 interlicere,
502 3069 562 3141 ipsi
578 3069 711 3123 fascibus
726 3069 872 3142 correptis
888 3069 1042 3128 Pisonem

159 3163 226 3200 cunr
241 3146 373 3201 exercitu
390 3147 427 3201 ad
438 3147 619 3202 obtinendas
630 3147 707 3202 duas
720 3147 889 3220 Hispanias
902 3149 1039 3207 mittere.

161 3223 206 3277 aa
221 3240 251 3278 re
262 3225 392 3295 cognita,
403 3233 508 3279 rursus
523 3226 552 3280 in
570 3225 665 3281 nouas
679 3225 861 3281 Februarias
873 3227 1042 3286 consilium

54 3305 57 3312 ’
160 3301 262 3356 caedis
290 3302 516 3358 transtulerant.
574 3303 645 3359 Jam
672 3311 738 3359 tum
768 3321 827 3360 non
856 3307 1043 3362 consulibu·

160 3378 259 3443 modo,
270 3380 323 3434 scd
338 3380 487 3452 plerisque
498 3381 689 3436 senatoribus
703 3383 866 3456 perniciem
882 3365 1030 3458 macl*
1120 3369 1134 3460 ’-

946 3510 1108 3615 iffi
