2322 3718
93 145 135 208 84
370 157 400 203 c.
417 155 598 204 saunusrr
624 154 747 201 onrsrr

146 335 196 374 res
223 315 344 392 publica
371 316 485 390 pariter
511 333 546 373 ac
579 313 768 371 saevissumo
795 313 925 388 imperio
951 313 1031 372 bene

149 403 240 472 atque
256 397 363 453 decore
380 401 475 470 gesta.

190 480 254 535 101.
278 476 379 551 Igitur
393 482 504 551 quarto
519 474 647 550 denique
663 473 711 531 die
727 473 808 530 haud
824 471 914 548 longo
931 475 971 530 ab
981 493 1033 550 op

148 558 218 633 pido
228 557 314 616 Cirta
323 556 456 631 undique
468 555 557 612 simul
568 555 775 632 speculatores
784 553 836 610 citi
846 572 914 611 sese
930 561 1033 612 osten-

116 639 234 708 5dunt,
250 655 311 712 qua
331 655 364 694 rc
387 636 493 694 hostes
514 637 621 694 adesse
643 634 833 709 intelligitur.
878 633 940 692 sed
956 635 1033 710 quia

149 718 265 776 divorsi
287 717 447 774 redeuntes
470 717 549 774 alius
571 717 608 773 eb
623 715 684 772 alia
698 720 784 790 parte
809 719 901 790 atquc
923 733 1033 772 omnes

149 800 229 856 idem
254 796 479 872 significabant,
496 796 601 854 consul
623 796 765 864 incertus
782 813 916 870 quonam
938 797 1032 853 modo

151 879 246 936 aciem
262 879 434 949 instrueret,
448 877 532 935 nullo
545 877 649 934 ordine
661 881 848 933 commutato
864 875 1032 933 advorsum

151 959 253 1016 omnia
273 965 399 1033 paratus
420 957 533 1014 ibidem
562 957 725 1032 opperitur.
768 956 818 1013 Ita
839 954 1032 1030 «Iugurtham

95 1041 136 1096 10
153 1056 222 1114 spes
250 1039 405 1107 frustrata,
428 1039 479 1113 qui
502 1037 605 1112 copias
627 1037 659 1093 in
683 1043 828 1111 quattuor
849 1043 952 1112 partes
975 1037 1034 1093 dis-

151 1119 310 1188 tribuerat,
325 1124 411 1175 ratus
426 1136 464 1175 ex
480 1118 633 1174 omnibus.
643 1135 737 1192 aeque
754 1117 873 1190 aliquos
891 1117 928 1173 ab
943 1125 1033 1191 tergo

153 1198 294 1255 hostibus
315 1204 468 1256 venturos.
514 1197 640 1254 Interim
665 1197 757 1266 Sulla,
780 1215 870 1272 quem
899 1199 1033 1272 primum

153 1279 259 1336 hostes
287 1279 463 1353 attigerant,
493 1277 671 1335 cohortatus
701 1295 781 1348 suos,
812 1278 971 1334 turmatim
1001 1285 1034 1334 et

154 1378 245 1435 quam
267 1377 408 1416 maxume
430 1359 574 1416 confertis
591 1359 677 1434 equis
697 1359 761 1434 ipse
777 1357 888 1432 aliique
905 1358 1035 1415 Mauros

102 1441 138 1498 15
154 1441 313 1508 invadunt,
326 1439 416 1497 ceteri
432 1439 464 1495 in
478 1439 544 1497 loco
564 1445 725 1496 manentes
740 1439 778 1495 ab
788 1439 899 1512 jaculis
913 1439 1034 1496 eminus

154 1520 276 1578 emissis
292 1537 419 1594 corpora
433 1524 544 1594 tegere,
555 1525 587 1576 et
602 1520 626 1577 si
642 1519 694 1594 qui
709 1519 740 1575 in
756 1537 865 1574 manus
875 1525 1033 1588 venerant,

156 1601 342 1657 obtruncare.
397 1600 479 1657 Dum
508 1617 543 1656 eo
570 1601 661 1657 modo
689 1599 808 1672 equites
835 1599 1033 1673 proeliantur,

156 1680 297 1737 Bocchus
317 1698 385 1737 cum
406 1680 568 1756 peditibus
585 1697 662 1755 quos
676 1678 779 1736 Volux
799 1678 879 1736 filius
899 1682 964 1754 ejus
986 1680 1036 1736 ad·

156 1760 284 1817 duxerat
303 1778 400 1834 neque
420 1760 451 1816 in
472 1760 569 1836 priore
592 1778 703 1835 pugna,
721 1759 753 1816 in
779 1759 888 1816 itinere
912 1761 1033 1830 morati,

104 1841 141 1896 20
159 1840 518 1916 adfuerant,postremam
535 1839 745 1898 Romanorum
762 1839 857 1896 aciem
873 1840 1033 1898 invadunt.

158 1920 235 1976 Tum
248 1920 367 1977 Marius
380 1920 459 1996 apud
473 1921 589 1995 primos
602 1920 720 1998 agebat,
732 1920 864 1995 quodibi
878 1921 898 1979 J
901 1921 1037 1994 ugurtha

157 2018 226 2057 cum
242 2000 390 2075 plurumis
406 2006 480 2059 erat.
524 1999 605 2058 Dein
620 1999 765 2070 Numida,
782 2001 906 2075 cognito
921 2001 1035 2059 Bocchi

159 2081 302 2151 adventu,
318 2081 394 2137 clam
410 2098 479 2138 cum
492 2081 598 2154 paucis
614 2080 652 2138 ad
668 2080 785 2156 pedites
800 2082 972 2156 convortit;
994 2082 1035 2139 ibi

158 2161 398 2218 Latine—nam
418 2160 499 2236 apud
519 2159 718 2218 Numantiam
735 2161 817 2235 loqui
840 2161 1037 2220 didicerat-

105 2241 141 2298 25
157 2242 316 2311 exclamat,
332 2245 453 2299 nostros
474 2240 588 2297 frustra
608 2259 752 2316 pugnare,
768 2233 859 2316 paulo
881 2249 951 2299 ante
972 2242 1037 2299 Ma-

157 2321 234 2378 rium
260 2338 315 2378 sua
338 2339 431 2378 manu
456 2321 671 2396 interfectum,
698 2321 788 2378 simul
811 2321 949 2396 gladium
971 2339 1038 2378 san-

157 2401 248 2476 guine
256 2402 383 2459 oblitum
392 2402 559 2469 ostendere,
567 2419 656 2478 quem
665 2401 697 2458 in
707 2403 895 2477 pugnasatis
906 2403 1036 2477 impigre

158 2482 257 2540 occiso
268 2482 369 2556 pedite
381 2487 486 2539 nostro
497 2487 717 2540 cruentaverat.
762 2482 850 2555 Quod
861 2483 912 2539 ubi
922 2483 1037 2540 milites

101 2625 104 2633 Δ
158 2580 307 2637 accepere,
322 2562 424 2636 magis
446 2561 604 2620 atrocitate
626 2562 668 2619 rei
684 2581 775 2638 quem
797 2561 855 2619 fide
877 2563 966 2621 nunti
981 2569 1039 2621 ter-

104 2645 142 2700 30
157 2649 269 2711 rentur,
286 2642 436 2717 simulque
452 2643 572 2699 barbari
584 2642 703 2700 animos
713 2642 818 2700 tollere
834 2648 865 2700 et
879 2642 909 2699 in
925 2645 1039 2718 percul-

158 2741 209 2780 sos
233 2722 393 2782 Romanos
418 2723 527 2780 acrius·
540 2723 687 2781 incedere.
730 2723 863 2798 Jamque
878 2723 1038 2799 pauluma

157 2804 231 2878 luga
253 2803 387 2872 aberant,
404 2821 472 2860 cum
497 2801 590 2873 Sulla,
611 2801 783 2882 profligatis
803 2804 856 2873 eia,
883 2822 960 2879 quos
989 2805 1039 2861 ad-

158 2901 281 2940 vorsum
309 2884 394 2952 ierat,
409 2884 531 2941 rediens
562 2885 600 2941 ab
629 2883 723 2942 latere
752 2883 871 2941 Mauris
900 2885 1036 2942 incurrit.

157 2963 299 3022 Bocchus
319 2964 424 3020 statim
440 2964 597 3021 avortitur.
642 2962 687 3022 At
703 2964 725 3022 J
727 2963 870 3037 ugurtha,
886 2964 957 3021 dum
976 2983 1040 3022 sus-

105 3043 142 3099 85
161 3048 279 3099 tentare
290 3059 360 3098 suos
372 3047 403 3098 et
412 3060 503 3116 prope
515 3045 578 3118 jam
591 3044 731 3118 adeptam
740 3043 899 3101 victoriam
908 3045 1039 3104 retinere

159 3122 250 3195 cupit,
274 3121 500 3178 circumventus
522 3123 560 3178 ab
582 3123 747 3196 equitibus,
765 3123 880 3191 dextra,
904 3124 1038 3197 sinistra,

159 3200 300 3256 omnibus
316 3200 431 3268 occisis,
445 3200 528 3256 solus
543 3201 622 3257 inter
632 3202 693 3258 tela
708 3201 1040 3264 hostiumvitabundus

159 3278 300 3351 erumpit.
344 3279 448 3352 Atque
463 3279 584 3335 interim
601 3280 729 3351 MariuS,
741 3282 858 3355 fugatis
873 3284 1038 3358 equitibus,

160 3355 294 3416 adcurrit
322 3357 435 3417 auxilio
469 3358 541 3428 suis,
573 3375 649 3434 quos
676 3359 747 3433 pelli
777 3362 842 3434 jam
871 3372 1038 3437 acceperat.

1113 3375 1151 3688 ml
