2322 3718
103 111 144 174 88
379 127 408 175 c.
424 127 606 176 snnnusrr
632 129 754 177 crustu

155 302 216 341 rem
235 302 306 342 vero
321 290 352 342 et
373 285 514 343 hostilem
536 293 650 345 metum
666 287 842 348 efficiebant.
888 291 993 366 Igitur
1008 311 1043 350 se

155 366 283 440 quisque
304 366 452 439 expedire,
470 385 554 424 arma
574 375 666 442 atque
689 368 750 424 tela
765 376 923 444 temptare,
942 373 1043 429 inton-

154 447 239 518 dere;
269 445 360 502 timor
385 447 566 521 aliquantus,
586 447 640 504 sed
662 465 734 522 spes
763 449 901 523 amplior,
925 453 1042 528 quippe

156 526 330 597 victoribus
346 532 378 583 et
403 528 567 584 advorsum
593 546 655 600 eos,
672 547 749 604 quos
774 547 866 605 saepe
888 531 1039 590 vicerant.

121 609 139 664 5
155 606 282 662 Interim
297 607 415 681 equites
430 607 620 682 exploratum
638 610 809 684 praemissi,
819 628 893 683 rem,
905 612 952 668 uti
963 619 1039 684 erat,

154 686 288 762 quietam
305 687 455 745 nuntiant.

197 769 260 824 106.
285 767 388 824 Volux
411 767 578 824 adveniens
593 773 786 843 quaestorem
802 770 937 844 appellat
952 771 1041 829 dicit

153 865 211 922 quc
235 865 267 904 se
283 866 300 904 a
314 853 399 922 patre
419 848 540 905 Boccho
556 849 679 906 obviam
695 849 757 906 illis
773 850 864 906 simul
879 859 911 908 et
925 853 1041 926 praesi-

154 928 204 984 dio
220 928 354 986 missum.
399 927 517 986 Deinde
532 947 601 985 eum
618 934 649 986 et
668 947 850 1005 proxumum
866 931 948 989 diem
970 933 1038 990 sine

102 1009 137 1064 10
153 1014 238 1065 metu
265 1008 417 1082 conjuncti
444 1015 525 1066 eunt.
570 1009 655 1081 Post,
677 1010 728 1066 ubi
754 1016 855 1067 castra
884 1011 985 1068 locata
1007 1019 1039 1071 et

152 1089 213 1145 diei
228 1107 336 1163 vesper
352 1094 426 1159 erat,
448 1093 572 1163 repente
593 1089 723 1146 Maurus
744 1091 859 1148 incerto
875 1091 971 1156 voltu,
986 1111 1039 1166 pa

152 1187 228 1226 vens
250 1169 287 1226 ad
310 1167 427 1226 Sullam
449 1169 584 1227 adcurrit
604 1169 746 1244 dicitque,
768 1171 827 1228 sibi
842 1189 880 1228 ex
903 1173 1040 1246 specula

152 1249 268 1306 toribus
296 1251 452 1324 cognitum
465 1249 654 1324 Jugurtham
678 1249 757 1307 haud
780 1251 884 1326 procul
907 1252 1037 1327 abesse3

154 1330 243 1387 simul
260 1329 305 1386 uti
320 1337 413 1388 noctu
428 1330 506 1387 clam
521 1348 623 1387 secum
640 1331 824 1405 profugeret,
837 1338 927 1406 rogat
942 1337 1037 1407 atque

101 1411 137 1467 15
154 1410 300 1468 hortatur.
344 1411 400 1468 Ille
417 1411 518 1468 animo
533 1410 624 1468 feroci
647 1420 741 1483 negat
756 1429 787 1468 se
803 1412 917 1468 totiens
933 1412 1037 1470 fusum

154 1490 320 1548 Numidam
346 1492 573 1567 pertimescere3
600 1492 710 1548 virtuti
732 1509 855 1548 suorum
879 1493 954 1549 satis
976 1511 1037 1550 cre-

153 1572 238 1644 dere3
261 1571 353 1628 etiam
369 1571 395 1628 si
416 1579 499 1628 certa
520 1570 616 1646 pestis
638 1571 769 1642 adesset,
786 1589 964 1628 mansurum
984 1591 1037 1648 po·

153 1651 213 1708 tius
223 1669 313 1726 quam
330 1652 470 1726 proditis
481 1669 558 1727 quos
570 1652 709 1721 ducebat,
721 1653 803 1726 turpi
814 1652 888 1726 fuga
901 1651 1035 1710 incertae

153 1749 187 1788 ao
203 1732 331 1788 forsitan
350 1738 423 1806 post
441 1732 534 1807 paulo
555 1733 661 1789 morbo
676 1732 856 1788 interiturae
874 1731 955 1790 vitae
969 1752 1036 1809 par-

100 1811 137 1867 20
153 1817 240 1870 cenet.
285 1811 430 1870 Ceterum
452 1813 610 1869 abeodem
633 1812 777 1883 monitae,
795 1812 840 1868 uti
861 1818 953 1870 noctu
969 1830 1036 1889 pro-

153 1893 363 1961 ficiscerentur,
380 1893 541 1950 eonsilium
564 1892 712 1968 approbat
737 1909 771 1948 ac
793 1893 898 1949 statim
920 1894 1035 1952 milites

153 1979 276 2030 cenatos
303 1990 380 2042 esse,
403 1973 434 2029 in
463 1973 574 2030 castris
599 1974 686 2048 ignes
715 1991 805 2048 quam
827 1972 1035 2031 creberrumos

153 2053 224 2124 fieri,
241 2053 311 2110 dein
327 2053 424 2126 prima
439 2053 547 2127 vigilia
561 2053 683 2110 silentio
698 2052 801 2126 egredi
812 2053 907 2126 jubet,
950 2054 971 2111 J
975 2073 1036 2110 am-

48 2171 52 2175 -
152 2152 210 2208 que
233 2139 379 2190 nocturno
400 2133 506 2190 itinere
531 2134 620 2190 fessis
647 2133 798 2203 omnibus
817 2132 903 2190 Sulla
922 2135 1036 2209 puriter

100 2215 136 2270 25
153 2233 220 2272 cum
237 2221 304 2270 ortu
320 2213 393 2270 solis
409 2221 509 2270 castra
524 2214 706 2284 metabatur,
718 2230 787 2270 cum
799 2213 916 2287 equites
932 2213 1034 2270 Mauri

152 2292 297 2352 nuntiant
305 2294 326 2351 J
329 2294 495 2367 ugurtham
504 2294 622 2351 circiter
633 2295 725 2350 duum
738 2294 853 2349 milium
870 2293 1034 2352 intervallo

153 2383 223 2433 ante
238 2393 290 2432 eos
305 2374 490 2432 consedisse.
536 2375 624 2448 Quod
640 2380 804 2450 postquam
822 2373 956 2430 auditum
974 2381 1032 2445 est,

151 2463 216 2514 tum
233 2473 304 2512 vero
319 2455 429 2528 ingens
449 2465 549 2511 metus
569 2460 691 2511 nostros
707 2453 839 2511 invadit:
863 2454 982 2512 credere
997 2472 1032 2512 se

153 2535 291 2612 proditos
313 2553 331 2592 a
352 2534 469 2591 Voluce
498 2541 529 2592 et
557 2533 679 2592 insidiis
707 2534 940 2592 circumventos,
984 2537 1033 2592 Ac

98 2621 137 2676 30
152 2617 234 2674 fuere
260 2615 312 2692 qui
335 2615 470 2672 dicerent
488 2633 581 2672 manu
596 2614 812 2672 vindicandum
833 2633 929 2690 neque
951 2616 1032 2690 apud

153 2698 238 2754 illum
253 2702 376 2753 tantum
391 2695 489 2752 scelus
504 2695 634 2752 inultum
649 2695 887 2769 relinquendum.

194 2776 259 2837 107.
282 2777 327 2833 At
352 2775 445 2847 Sulla,
469 2793 654 2851 quamquam
683 2775 789 2832 eadem
814 2775 1029 2844 existumabat,

150 2865 255 2916 tamen
271 2857 307 2913 ab
323 2856 434 2930 injuria
452 2856 595 2913 Maurum
611 2855 767 2930 prohibet;
790 2873 861 2911 suos
882 2855 1029 2924 hortatur,

153 2939 197 2996 nti
219 2939 328 2994 fortem
358 2935 491 2992 animum
521 2941 674 3010 gererent:
703 2953 792 3009 saepe
815 2940 905 2991 antea
926 2934 1030 3009 patuis

99 3023 136 3077 35
153 3016 286 3073 strenuis
309 3014 471 3070 advorsum
498 3014 722 3071 multitudinem
746 3015 822 3070 bene
845 3021 1031 3088 pugnatum,

153 3102 268 3168 quanto
289 3093 348 3148 sibi
377 3092 409 3147 in
437 3093 551 3165 proelio
579 3095 681 3148 minus
706 3094 922 3166 pepercissent,
944 3100 1031 3149 tanto

154 3172 284 3229 tutiores
304 3171 375 3238 iore,
392 3187 446 3225 nec
462 3189 643 3243 quemquam
659 3171 772 3241 decere,
789 3173 839 3246 qui
862 3190 971 3228 manus
988 3190 1033 3228 ar-

155 3250 293 3316 maverit,
317 3249 355 3304 ab
379 3248 504 3303 inermis
531 3249 661 3322 pedibus
690 3251 836 3306 auxilium
865 3257 975 3327 petere,
999 3252 1032 3308 in

154 3343 297 3385 maxumo
318 3330 401 3380 metu
422 3325 537 3381 nudum
551 3330 583 3381 et
602 3343 724 3382 caecum
739 3345 848 3403 corpus
866 3330 905 3386 ad
927 3330 1034 3388 hostes
