2322 3718
298 157 345 204 nn
370 154 660 204 conrusnmonn
687 154 904 204 olrrnrnsn.
1002 140 1064 204 105

133 335 183 374 me
200 317 319 375 animus
340 317 426 387 fallit,
443 321 474 374 et
487 334 544 375 vos
559 316 672 374 servire
693 315 793 392 magis
808 335 899 392 quam
920 316 1012 392 impe·

133 415 202 455 rare
217 397 316 472 parati
331 391 559 458 estisr’sfflss
570 386 596 426 ἴ

176 481 221 536 21.
246 477 414 552 Postquam
429 494 570 552 accepere
585 495 621 534 ea
641 477 789 547 homiues,
805 477 915 553 quibus
929 476 1012 535 mala

133 558 254 615 abunde
271 557 372 614 omnia
385 564 481 626 erant,
492 558 546 616 sed
561 575 657 632 neque
675 574 724 615 res
735 575 831 633 neque
848 574 917 634 spes
931 558 1012 616 bona

132 639 205 708 ulla,
222 638 345 695 tametsi
366 638 427 694 illis
442 637 547 712 quieta
566 654 688 695 movere
703 655 818 712 magna
839 655 955 696 merces
970 639 1013 696 vi·
1046 639 1064 696 5

133 719 271 788 debatur,
287 723 390 775 tamen
405 718 600 792 postulavere
610 717 758 793 plerique,
770 723 805 775 ut
818 724 1010 794 proponeret,

132 817 212 874 quae
228 798 363 856 condicio
378 798 448 854 belli
470 799 554 868 foret,
571 815 648 873 quae
668 798 804 873 praemia
825 799 917 856 armis
932 805 1013 874 pete-

132 885 210 948 rent,
227 878 298 954 quid
314 878 422 952 ubique
437 879 504 953 opis
520 884 573 936 aut
585 878 650 954 spei
664 878 819 936 haberent.
862 877 940 935 Tum
958 877 1012 941 (da-⁴
1045 919 1049 934 ,

131 959 223 1016 tiliua
243 958 376 1035 polliceri
398 958 519 1016 tabulas
540 976 645 1028 novae,
661 959 912 1034 proscriptionem
933 959 1012 1037 locu·
1085 967 1089 981 “

131 1040 271 1114 plotium,
279 1039 488 1114 magistratus,
497 1039 675 1110 sacerdotia,
686 1038 818 1115 rapinas,
830 1039 890 1098 alia
900 1039 1009 1109 omnia,
1027 1040 1064 1096 10

132 1138 212 1194 quae
227 1119 339 1176 bellum
355 1125 445 1194 atque
459 1118 564 1178 lubido
577 1119 725 1177 victorum
740 1119 805 1178 iert.
849 1115 1012 1209 Praeterea

131 1218 201 1257 esso
224 1199 254 1257 in
272 1199 422 1275 Hispania
437 1200 575 1258 citeriore
591 1200 744 1272 Pisonem,
759 1199 792 1258 in
815 1199 1013 1258 Mauretania

130 1279 350 1338 oum·exercitu
365 1280 398 1338 P.
413 1279 540 1338 Sittium
555 1279 751 1351 Nucerinum,
763 1280 870 1338 consili
885 1280 932 1338 sui
947 1297 1013 1355 par-

130 1361 242 1435 tioipes
253 1381 260 1435 3
281 1367 382 1435 petere
397 1361 599 1418 consulatum
608 1360 641 1422 O.
653 1361 834 1430 Antonium,
851 1378 941 1436 quem
953 1360 1012 1418 sibi

131 1440 282 1516 collegam
305 1441 367 1498 fore
389 1446 532 1516 speraret,
549 1440 703 1498 hominem
726 1446 758 1498 et
780 1441 960 1498 familiarem
981 1441 1064 1500 et15

131 1522 276 1579 omnibus
287 1521 563 1579 necessitudinibus
574 1521 833 1598 circumventum,
854 1538 967 1578 oumeo
979 1538 1012 1580 se

130 1601 414 1660 consuleminitium
424 1601 539 1676 agundi
552 1601 709 1659 iacturum.
753 1601 1013 1674 Adhocmaledic·

129 1682 175 1740 tis
189 1683 363 1759 increpabat
374 1699 480 1740 omnes
496 1683 600 1752 bonos,
615 1698 739 1739 suorum
754 1699 848 1739 unum
861 1700 1011 1759 quemque

131 1763 440 1835 nominanslaudare3
456 1762 640 1821 admonebat
651 1762 743 1818 aliurn
752 1764 909 1837 egestatis
918 1763 1010 1820 alium

131 1843 312 1918 cupiditatis
325 1860 406 1913 suae,
422 1843 591 1919 complures
611 1841 736 1918 periculi
749 1851 802 1900 aut
817 1843 1010 1918 ignominiae,
1027 1846 1064 1902 20

131 1924 248 1981 multos
264 1923 410 1980 victoriae
420 1921 574 1995 Sullanae,
582 1923 692 1998 quibus
707 1941 743 1980 ea
757 1924 888 1999 praedae
904 1923 1009 1982 fuerat.

133 2006 305 2078 Postquam
315 2003 450 2061 omnium
464 2004 581 2061 animos
594 2004 710 2061 alacres
722 2003 815 2075 videt,
823 2003 1009 2074 cohortatus,

131 2083 1017 2160 utpetitionemsuamcuraehaberent,eonventumdimisit.

176 2168 221 2223 22.
245 2165 342 2223 Fuere
359 2183 396 2222 ea
414 2169 595 2240 tempestate
609 2166 662 2240 qui
675 2165 818 2236 dicerent,
835 2164 1010 2237 Catilinam,

132 2246 271 2306 oratione
288 2245 401 2316 habita,
418 2262 486 2302 cum
502 2246 539 2302 ad
550 2247 763 2320 jusjurandum
776 2245 938 2322 populares
953 2264 1013 2304 see·
1028 2252 1064 2308 25

131 2328 209 2385 laris
223 2326 270 2382 sui
291 2326 434 2400 adigeret,
452 2325 578 2383 humani
593 2327 728 2403 corporis
745 2325 925 2401 sanguinem
940 2328 1011 2384 vino

132 2407 318 2485 permixtum
333 2407 365 2463 in
378 2406 491 2482 pateris
506 2407 748 2481 circumtulisse3
774 2406 843 2464 inde
858 2424 926 2465 cum
941 2414 1012 2482 post

133 2487 374 2546 exsecrationem
391 2505 496 2545 omnes
517 2488 776 2564 degustavissent,
794 2487 884 2545 sicuti
905 2488 934 2544 in
956 2489 1013 2545 sol-

133 2568 287 2627 lemnibus
311 2568 404 2625 sacris
419 2567 481 2624 fieri
497 2569 664 2641 consuevit,
682 2569 836 2644 aperuisse
852 2568 1011 2626 consilium

134 2668 235 2719 suum,
252 2653 342 2723 atque
356 2666 392 2706 eo
406 2649 544 2707 dictitare
560 2649 676 2719 fecisse,
693 2667 752 2725 quo
767 2650 846 2707 inter
860 2667 892 2708 se
912 2651 1013 2724 magis
1028 2653 1065 2708 30

135 2731 187 2788 fidi
209 2730 314 2797 forent,
331 2729 408 2786 alius
430 2729 483 2787 alii
504 2730 584 2787 tanti
607 2730 751 2788 facinoris
774 2730 894 2789 conscii.
931 2729 1013 2788 Non-

135 2810 213 2867 nulli
230 2809 297 2866 licta
312 2815 343 2866 et
359 2808 433 2868 baec
447 2816 479 2868 et
493 2810 591 2868 multa
611 2817 769 2886 praeterea
784 2812 1013 2868 existumabant

137 2892 176 2947 ab
191 2891 245 2961 eis,
261 2890 311 2965 qui
325 2889 480 2948 Ciceronis
494 2891 651 2959 invidiam,
663 2910 740 2967 quae
752 2897 860 2966 postea
875 2897 942 2948 orta
956 2898 1012 2961 est,

136 2971 226 3030 leniri
241 2971 404 3029 eredebant
426 2972 584 3028 atrocitate
605 2972 729 3029 sceleris
744 2989 856 3040 eorum,
873 2972 924 3046 qui
946 2990 1015 3046 poe-

137 3071 194 3111 nas
209 3052 363 3109 dederant.
407 3051 506 3109 Nobis
515 3071 552 3109 ea
561 3069 609 3109 res
622 3051 897 3128 promagnitudine
906 3069 1013 3127 parum
1030 3055 1066 3112 35

137 3137 293 3208 comperta
307 3138 362 3190 est.

180 3217 225 3272 23.
249 3211 309 3270 Sed
330 3212 361 3268 in
381 3231 417 3269 ea
437 3212 643 3286 conjuratione
665 3211 723 3269 init
738 3211 773 3285 Q.
788 3210 908 3283 Ourius,
924 3220 1015 3270 natus

120 3365 121 3368 Ἴ
138 3294 221 3352 haud
236 3293 362 3350 obscuro
377 3292 451 3360 locu,
463 3291 585 3367 flagitiis
601 3298 690 3367 atque
702 3292 1016 3367 facinoribusoooper·

138 3380 198 3444 tus,
215 3373 304 3448 quem
320 3389 459 3429 censores
480 3378 588 3430 senatu
610 3371 713 3446 probri
731 3372 831 3444 gratia
846 3377 1013 3429 moverant.
