2346 3718
357 169 403 216 na
431 167 550 215 annno
576 166 837 214 rueuarmuo.
1021 149 1062 216 37

129 331 212 388 domi
226 329 413 403 militiaeque
424 327 603 402 respublica
615 326 730 382 venalis
746 325 809 381 fuit.
854 325 938 398 Quae
950 324 1010 381 nisi

130 411 273 486 quaesita
289 419 385 478 eruut,
404 409 462 466 nisi
479 406 669 464 vindicatum
685 407 715 462 in
734 405 849 474 noxios,
866 405 939 478 quid
954 406 1011 461 erit

129 491 293 564 reliquum,
310 489 369 546 nisi
384 498 418 546 ut
439 488 508 556 illis,
525 486 576 562 qui
598 505 634 544 ea
657 487 760 555 fecere,
778 484 954 542 obedientes
969 485 1011 540 vi·

131 569 266 627 vamus?
310 569 390 626 Nam
418 569 541 642 impune
563 585 640 642 quae
669 566 753 622 lubet
774 566 879 633 lacere,
905 566 935 623 id
964 570 1011 622 est

131 667 236 724 regem
250 667 325 706 esse.
369 649 476 724 Neque
492 665 549 722 ego
564 665 626 716 voe,
639 646 781 720 Quirites,
795 646 1013 702 hortorutma-
1047 643 1064 700 5

132 731 198 787 litis
214 730 297 786 cives
313 736 434 786 vostros
450 745 606 802 perperam
622 745 713 802 quam
729 733 809 783 recte
825 726 941 795 secisse,
958 725 1011 782 sed

132 830 170 867 ne
186 810 377 884 ignoscundo
390 809 479 866 malis
492 809 587 864 bonos
598 807 748 882 perditum
759 805 846 864 eatis.
890 807 940 864 Ad
956 805 1013 862 hoo

133 892 165 946 in
182 908 213 946 re
235 890 357 964 publiea
378 890 474 946 multo
489 894 625 964 praestat
639 886 764 944 benefici
779 904 870 962 quam
886 885 1012 943 malefici

133 972 344 1026 immemorem
366 987 450 1027 esse:
474 969 571 1025 bouus
592 969 804 1025 tantummodo
827 967 949 1041 segnior
970 967 1011 1037 fit,

135 1051 188 1107 ubi
211 1051 358 1125 negligas,
377 1057 408 1106 at
429 1050 529 1106 malus
550 1049 718 1123 improbior.
764 1049 815 1105 Ad
838 1048 902 1119 hoc,
919 1047 945 1104 si
971 1041 1065 1104 in-10

135 1131 235 1206 juriae
251 1148 310 1186 nou
327 1131 395 1201 siut,
412 1129 492 1186 haud
509 1147 598 1204 saepe
614 1129 708 1187 auxili
722 1131 843 1204 egeas”

176 1213 221 1268 32.
248 1211 334 1281 Haeo
345 1216 435 1285 atque
452 1210 510 1266 alia
520 1209 644 1284 hujusce
659 1210 739 1267 modi
751 1209 1013 1284 saepiusdicuudo

135 1290 302 1348 Memmius
317 1292 428 1366 populo
443 1292 618 1366 persuadet,
629 1291 673 1348 uti
689 1290 723 1346 L.
735 1290 869 1359 Cassius,
881 1292 932 1366 qui
947 1299 1013 1346 tum

135 1378 258 1448 praetor
282 1377 357 1440 erat,
375 1371 412 1428 ad
427 1372 447 1429 J
452 1370 616 1445 ugurtham
632 1371 812 1441 mitteretur,
829 1389 956 1445 eumque
972 1371 1015 1425 in-

135 1452 284 1526 terposita
306 1451 363 1508 lide
384 1452 504 1527 publica
519 1450 651 1508 Romam
672 1451 804 1521 duceret,
823 1469 882 1526 quo
897 1451 1014 1508 facilius
1030 1437 1067 1497 15

136 1532 251 1588 indicio
275 1532 357 1606 regis
380 1532 484 1589 Scauri
505 1539 538 1588 et
559 1532 751 1606 reliquorum,
768 1550 844 1606 quos
869 1531 1013 1608 pecuniae

136 1619 246 1686 captae
268 1612 449 1682 accersebat,
472 1613 582 1670 delicta
603 1612 789 1686 patefierent.
835 1612 916 1670 Dum
941 1612 1015 1668 haec

137 1693 259 1751 Romae
280 1698 435 1766 geruntur,
452 1693 504 1768 qui
526 1695 556 1749 in
577 1692 724 1750 Numidia
751 1693 846 1750 relicti
870 1712 888 1750 a
909 1692 1015 1750 Bestia

136 1773 285 1830 exercitui
307 1779 475 1848 praeerant,
497 1773 592 1830 secuti
615 1790 729 1830 morem
752 1775 944 1849 imperatoris
967 1772 1014 1829 sui

136 1854 280 1928 pluruma
295 1858 326 1909 et
341 1852 592 1926 flagitiosissuma
613 1853 748 1910 facinora
770 1856 873 1911 secere.
917 1854 1014 1910 Fuere
1030 1844 1068 1899 20

137 1934 190 2008 qui
217 1951 288 1990 auro
310 1933 442 2008 corrupti
461 1934 640 2008 elephantos
655 1934 830 2008 Jugurthae
851 1935 1013 2002 traderent,

138 2013 191 2070 alii
213 2013 356 2088 perfugas
372 2013 511 2083 vendere,
528 2032 599 2089 pars
614 2031 652 2070 ex
672 2015 789 2089 pacatis
804 2015 933 2090 praedas
948 2032 1017 2088 age·

136 2093 231 2151 bant:
255 2099 343 2150 tauta
368 2095 417 2150 vis
437 2095 587 2151 avaritiae
607 2095 637 2150 in
662 2095 780 2153 animos
802 2113 905 2152 eorum
921 2093 1016 2150 veluti

136 2175 227 2230 tabes
243 2174 407 2230 invaserat.
450 2174 496 2231 At
512 2174 640 2232 Cassius
654 2182 782 2250 praetor,
798 2176 916 2250 perlata
931 2192 1017 2248 roga-

135 2255 222 2312 tione
239 2271 259 2310 a
270 2253 303 2310 0.
318 2253 466 2312 Memmio
483 2273 517 2312 ac
536 2256 675 2329 perculsa
690 2257 774 2312 omni
793 2257 961 2325 nobilitate,
979 2254 1017 2312 ad
1033 2243 1069 2300 25

136 2335 160 2392 J
164 2333 328 2408 ugurtham
354 2335 561 2410 proficiscitur,
577 2337 665 2410 eique
681 2336 789 2392 timido
804 2341 886 2392 etex
906 2335 1018 2393 cousci-

137 2416 224 2471 entia
246 2415 393 2471 diffidenti
416 2416 505 2472 rebus
535 2417 597 2472 suis
625 2417 795 2490 persuadet,
818 2416 962 2491 quoniam
985 2433 1016 2472 se

135 2496 252 2573 populo
275 2495 416 2552 Romano
438 2496 583 2566 dedisset,
601 2514 637 2552 ne
659 2497 719 2553 vim
738 2514 830 2571 quam
852 2496 1019 2553 misericor·

136 2577 223 2633 diam
234 2577 298 2649 ejus
308 2574 437 2650 experiri
447 2576 558 2633 mallet.
597 2575 748 2632 Privatim
759 2583 917 2652 praeterea
928 2577 1019 2634 fidem

138 2674 227 2715 suam
245 2656 418 2728 interponit,
431 2675 523 2730 quam
540 2657 588 2714 ille
603 2673 663 2712 uon
678 2657 806 2713 minoris
818 2675 909 2732 quam
924 2657 1020 2731 publi·
1035 2647 1071 2704 30

136 2755 207 2794 cam
230 2736 377 2793 ducebat:
400 2735 471 2794 talis
492 2756 529 2794 ea
550 2742 731 2813 tempestate
754 2739 836 2795 fama
857 2738 894 2795 de
911 2738 1019 2797 Cassio

135 2822 212 2874 erat.

181 2900 227 2954 33.
252 2896 352 2970 Igitur
370 2896 527 2971 Jugurtba
551 2903 655 2956 contra
680 2899 771 2955 decus
796 2899 913 2974 regium
937 2898 1021 2956 cultu

138 2994 232 3051 quam
244 2994 386 3033 maxume
403 2978 568 3035 miserabili
584 2997 652 3036 cum
664 2978 772 3036 Cassio
783 2980 914 3036 Romam
928 2979 1019 3035 venit.

139 3057 189 3116 Ac
205 3057 329 3112 tametsi
345 3057 458 3130 inipso
482 3076 594 3132 magna
609 3060 656 3116 vis
673 3061 765 3117 animi
782 3065 855 3129 erat,
869 3059 1022 3116 confirma
1037 3059 1073 3115 35

138 3143 193 3193 tus
209 3137 247 3193 ab
264 3137 416 3206 omnibus
429 3156 556 3212 qnorum
571 3141 709 3213 potentia
725 3146 778 3197 aut
793 3139 903 3197 scelere
913 3146 1022 3196 cuncta

140 3235 180 3272 ea
202 3224 349 3290 gesserat,
375 3235 453 3291 quae
482 3235 573 3292 supra
595 3219 735 3289 diximus,
754 3220 786 3279 O.
804 3220 951 3276 Baebium
972 3219 1022 3274 tri-

142 3297 261 3352 bunum
283 3295 382 3370 plebis
405 3314 519 3372 magna
544 3300 679 3355 mercede
702 3305 799 3375 parat,
822 3301 906 3373 cnjus
928 3299 1023 3373 impu-

142 3375 250 3433 dentia
270 3384 375 3433 contra
384 3377 436 3450 jus
458 3383 489 3434 et
504 3378 629 3452 injurias
651 3396 756 3435 omnes
776 3378 913 3434 munitus
935 3378 1019 3433 soret.
