2322 3718
254 165 301 212 mr
327 163 617 212 couruanrrourr
643 165 863 215 cnrrurunu.
983 152 1046 218 117

108 323 273 382 Auxilium
289 331 375 398 petas
390 323 428 380 ab
443 324 592 392 omnibus,
603 325 695 382 etiam
710 325 748 382 ab
763 325 904 383 infimis.'’
939 325 991 386 Ad

111 404 170 462 hoc
196 404 342 460 mandata
358 404 459 460 verbis
474 404 542 461 dat:
565 422 633 460 cum
649 405 686 460 ab
702 411 810 462 senatu
825 405 924 462 hostis
947 408 993 480 ju·

111 485 234 541 dicatus
249 484 298 552 sit,
306 501 365 558 quo
381 483 506 540 consilio
522 485 649 540 servitia
664 484 821 559 repudiet?
864 486 901 543 In
917 487 990 543 urbe

110 570 224 639 parata
244 581 319 632 essc,
336 581 413 638 quae
432 563 568 637 jusserit.
612 563 641 621 N
644 582 660 622 e
675 572 834 623 cunctetur
846 567 910 643 ipse
925 584 993 642 pro-

110 645 183 720 pius
199 645 346 701 accedere.
368 643 461 714 mo
1026 649 1044 705 5

154 725 203 781 45.
228 723 287 781 His
303 724 392 780 rebus
407 723 452 779 ita
466 723 551 794 actis,
564 723 731 782 constituta
745 731 914 801 nocteque
926 744 993 803 pro-

112 805 329 874 ficiscerentur,
348 802 454 861 Cicero
474 821 528 879 per
548 803 668 879 legatos
689 811 799 863 cuncta
812 807 938 865 edoctus
954 808 989 865 L.

112 885 241 942 Valerio
257 883 367 942 Flacco
383 889 414 940 et
427 883 460 942 C.
472 883 637 959 Pomptino
647 887 838 960 praetoribus
852 887 990 963 imperat,

112 973 149 1022 ut
172 966 203 1021 in
224 971 316 1040 ponte
338 963 458 1021 Mulvio
472 981 527 1039 per
540 965 669 1024 insidias
684 966 887 1041 Allobrogum
901 967 991 1024 comi·

112 1052 200 1102 tatus
230 1045 465 1121 deprehendant.
514 1043 594 1102 Rem
623 1063 742 1102 omnem
773 1047 878 1122 aperit,
907 1050 1044 1122 cujus10

113 1126 217 1201 gratia
236 1126 457 1197 mittebantur3
478 1129 587 1195 cetera,
609 1127 654 1182 uti
677 1126 758 1184 facto
779 1129 925 1202 opussit,
947 1129 992 1186 ita

113 1211 220 1280 agant,
235 1206 391 1282 permittit.
434 1204 494 1276 Illi,
522 1204 662 1264 homiues
682 1207 838 1278 militares
860 1208 925 1266 eine
945 1214 992 1265 tu-

114 1287 216 1344 multu
237 1285 398 1362 praesidiis
413 1285 578 1356 collocatis,
595 1286 686 1343 sicuti
705 1293 900 1363 praeceptum
915 1292 989 1358 crat,

115 1367 233 1424 occulte
259 1371 384 1442 pontem
412 1365 563 1424 obsidunt.
608 1366 777 1442 Postquam
806 1369 845 1425 ad
875 1368 905 1426 id
933 1368 991 1426 loci

113 1447 210 1521 legati
234 1465 303 1504 cum
318 1446 475 1504 Volturcio
501 1453 649 1504 venerunt
671 1454 703 1504 et
725 1447 815 1504 simul
836 1449 990 1523 utrimque
1007 1450 1043 1508 15

114 1528 229 1585 clamor
242 1531 367 1584 exortus
382 1533 437 1596 cst,
454 1525 545 1596 Galli,
562 1527 623 1584 cito
638 1528 759 1602 cognito
774 1528 910 1598 consilio,
926 1529 991 1586 sine

114 1625 201 1664 mora
216 1607 406 1682 praetoribus
420 1624 452 1664 se
470 1607 603 1664 tradunt.
641 1607 819 1666 Volturcius
834 1609 931 1683 primo
946 1626 993 1666 co·

114 1687 257 1745 hortatus
278 1693 394 1745 ceteros
416 1687 519 1762 gladio
541 1703 573 1744 se
595 1705 614 1744 a
633 1688 827 1746 multitudine
847 1689 990 1761 defendit,

113 1769 225 1826 deinde
248 1769 299 1825 ubi
323 1767 474 1841 elegatis
498 1768 637 1825 desertus
657 1774 713 1838 est,
737 1769 834 1826 multa
852 1771 937 1846 prius
954 1771 991 1828 dc

113 1849 214 1906 salute
236 1867 293 1906 sua
314 1849 513 1923 Pomptinum
535 1848 715 1917 obtestatus,
739 1849 819 1922 quod
845 1849 873 1907 ei
901 1858 991 1908 notus
1006 1853 1045 1924 20

112 1933 191 2000 erat,
207 1936 373 2004 prostremo
388 1928 515 1986 timidus
530 1946 564 1985 ac
579 1928 660 1985 vitae
674 1928 811 1986 diffidens
825 1930 910 1988 velut
923 1930 991 1988 hos-

113 2009 200 2067 tibus
215 2027 280 2066 sese
295 2009 485 2084 praetoribus
500 2008 591 2066 dedit.

156 2092 202 2148 46.
227 2089 344 2163 Quibus
373 2090 463 2147 rebus
488 2088 634 2147 coniectis
662 2088 764 2147 omnia
790 2107 917 2166 propere
937 2108 992 2165 per

113 2170 239 2227 nuntios
253 2170 368 2227 consuli
385 2170 583 2227 declarantur.
628 2167 674 2227 At
692 2170 778 2227 illum
792 2171 902 2245 ingens
919 2189 991 2228 cura

113 2255 207 2325 atque
230 2250 348 2307 laetitia
372 2250 462 2307 simul
483 2267 675 2325 occupavere.
718 2249 800 2308 Nam
822 2251 992 2309 laetabatur
1006 2252 1043 2310 25

112 2331 291 2405 intelligens
306 2331 511 2404 conjuratione
520 2330 673 2406 patefacta
682 2330 839 2388 civitatem
849 2331 991 2404 periculis

111 2416 250 2486 ereptam
264 2429 340 2481 esse,
355 2428 444 2486 porro
460 2415 562 2468 autem
578 2411 687 2469 auxius
701 2416 775 2481 erat,
789 2410 941 2480 dubitans,
958 2411 990 2468 in

111 2509 256 2549 maxumo
284 2491 396 2550 scelere
424 2492 520 2549 tantis
546 2490 664 2548 civibus
688 2490 894 2565 deprehensis,
917 2491 990 2567 quid

111 2571 196 2629 lacto
211 2589 287 2644 opus
301 2578 396 2629 esset:
417 2589 547 2647 poenam
569 2571 689 2628 illorum
715 2571 774 2628 sibi
790 2570 881 2643 oneri,
896 2571 991 2647 impu-

112 2651 241 2709 nitatem
247 2653 421 2727 perdundae
429 2653 470 2709 rei
481 2651 619 2726 publicae
629 2650 692 2708 fore
698 2651 846 2709 credebat.
890 2651 991 2726 Igitur
1005 2653 1043 2710 30

111 2732 291 2791 confirmato
314 2734 414 2790 animo
437 2733 538 2790 vocari
562 2733 600 2790 ad
622 2749 688 2789 sese
705 2733 794 2807 jubet
813 2730 988 2804 Lentulum,

113 2811 295 2888 Cethegum,
312 2812 477 2883 Statilium,
495 2813 670 2883 Gabinium,
686 2812 820 2888 itemque
835 2813 989 2887 quendam

113 2891 297 2968 Caeparium
318 2893 573 2963 Terracinensem,
591 2893 643 2968 qui
659 2893 691 2949 iu
706 2891 853 2967 Apuliam
869 2893 906 2948 ed
922 2910 990 2950 cou-

111 2972 672 3049 citandaservitiaproiicisciparabat.
718 2971 818 3031 Ceteri
829 2972 895 3030 sine
904 2990 990 3030 mora

112 3054 257 3126 veniuut;
281 3053 454 3128 Caeparius,
467 3053 557 3130 paulo
570 3059 640 3111 ante
655 3054 745 3111 domo
755 3069 905 3127 egressus,
918 3071 989 3127 cog·
1004 3053 1041 3109 35

111 3133 177 3190 nito
192 3135 303 3192 iudicio
315 3153 352 3191 ex
367 3134 439 3191 urbe
454 3134 640 3209 profugerat.
686 3133 800 3192 Consul
812 3130 987 3204 Lentulum,

111 3214 194 3287 quod
221 3220 344 3290 praetor
365 3219 438 3282 erat,
454 3215 518 3290 ipse
540 3232 632 3271 manu
654 3219 763 3270 tenens
784 3212 815 3269 in
846 3218 987 3270 senatum

110 3294 267 3368 perducit3
288 3294 422 3369 reliquos
443 3311 511 3352 cum
533 3291 710 3351 custodibus
731 3293 763 3349 in
785 3292 890 3349 aedem
912 3290 990 3350 Con·

109 3373 231 3432 cordiae
251 3374 355 3432 venire
372 3374 467 3448 jubet.
510 3372 557 3430 Eo
579 3375 719 3429 senatum
743 3371 881 3442 advocat,
906 3389 989 3446 mag·
