2346 3718
367 183 414 230 na
440 181 562 228 santo
587 181 850 230 susurrante.
1025 170 1067 234 21

137 350 235 404 tremo
263 359 470 419 quaecumque
499 342 618 417 possint
652 341 813 415 largiundo
842 359 949 416 parare
978 362 1015 401 ne

138 432 325 484 cunctentur.
371 423 430 480 Sed
453 422 504 478 ubi
527 422 667 478 Romam·
681 421 775 495 legati
800 439 909 480 venere
926 430 957 480 et
979 442 1017 480 ex

138 511 299 582 praecepto
315 503 396 577 regis
413 502 584 576 hospitibus
597 502 734 576 aliisquo,
751 518 877 576 quorum
893 510 1019 561 1111111-

138 592 258 661 pestate
273 585 304 640 in
317 589 425 640 senatu
436 582 601 640 auctoritas
610 582 752 656 pollebat,
764 601 878 656 magna
892 602 1018 642 munera

139 665 256 734 misere,
273 671 359 722 tauta
381 663 577 721 commutatio
600 662 733 731 incessit,
757 671 792 721 ut
812 680 850 722 ex
875 682 1019 722 maxuma
1053 670 1071 727 5

139 746 257 802 invidia
278 745 308 801 in
323 744 453 818 gratiam
468 749 500 800 et
515 743 649 799 favorem
677 742 847 802 nobilitatis
862 744 881 800 J
886 745 1020 819 ugurtha

140 826 273 898 veniret3
295 842 422 899 quornm
438 840 508 898 pars
524 840 585 897 spe,
604 822 654 879 alii
671 825 807 898 praemio
823 824 948 896 inducti,
962 827 1020 882 sin-

140 906 229 981 gulos
243 924 280 962 ex
296 911 403 961 senatu
419 903 582 960 ambiundo
599 903 786 976 nitebantur,
798 923 835 962 ne
846 907 972 978 gravius
988 907 1020 963 in

140 1003 209 1043 111111
226 984 438 1042 consuleretur.
484 983 584 1058 Igitur
600 984 651 1040 ubi
667 984 761 1058 legati
771 986 847 1043 satis
857 987 1019 1057 confidunt,

140 1066 188 1123 die
205 1066 369 1122 constituto
385 1069 510 1121 senatus
523 1064 660 1138 utrisque
671 1065 768 1123 datur.
814 1065 891 1123 Tum
904 1066 1022 1125 Adher·
1037 1071 1073 1126 10

140 1146 239 1203 belem
256 1145 311 1202 hoc
326 1144 416 1201 modo
431 1144 564 1201 locutum
580 1146 759 1220 accepimus.

185 1229 229 1284 14.
254 1225 391 1282 “Patres
413 1224 583 1298 conscripti,
603 1225 733 1300 Micipsa
754 1233 841 1302 peter
855 1245 941 1286 meus
962 1245 1024 1285 mo-

140 1308 223 1365 riens
244 1305 319 1362 mihi
342 1304 503 1381 praecepit,
530 1305 576 1362 uti
599 1307 685 1380 regni
708 1306 871 1364 Numidiae
892 1313 1023 1365 tantum-

141 1389 232 1446 modo
254 1386 495 1462 procurationem
522 1385 739 1442 existumarem
761 1405 868 1457 meam,
889 1395 1022 1445 ceterum

142 1471 195 1544 jus
210 1473 241 1524 et
256 1467 415 1541 imperium
433 1467 496 1539 ejus
513 1483 606 1541 penes
617 1485 671 1524 vos
683 1484 767 1540 esse;
790 1469 879 1524 simul
895 1469 1024 1526 eniterer
1040 1473 1076 1530 15

142 1549 225 1607 domi
247 1548 431 1621 militiaeque
456 1565 547 1622 quam
575 1565 718 1605 maxumo
739 1549 807 1605 usui
829 1567 895 1606 esse
915 1550 1024 1625 populo

143 1631 302 1702 Roman03
324 1646 379 1686 vos
404 1627 478 1684 mihi
502 1636 711 1702 cognatorum,
729 1647 785 1686 vos
800 1629 944 1686 adfinium
959 1630 1024 1688 loco

142 1712 302 1769 ducerem:
326 1709 349 1766 si
373 1727 409 1766 11
434 1709 582 1778 fecissem,
601 1709 632 1764 in
647 1715 753 1766 vostra
768 1709 903 1766 amicitia
916 1711 1026 1768 exerci-

142 1789 902 1863 tum,divitias,munimentaregnimehabiturum.
940 1791 1025 1864 Quae

143 1891 212 1931 cunr
240 1878 401 1948 praecepta
426 1871 563 1946 parentis
592 1870 651 1926 mei
680 1871 838 1944 agitarem,
859 1870 1078 1945 sugaranam

144 1954 236 2012 homo
258 1953 391 2011 omnium
410 1969 486 2027 quos
503 1957 584 2008 terra
600 1951 732 2008 sustinet
754 1951 1025 2022 sceleratissumus,

144 2040 319 2108 contempto
340 2034 466 2109 imperio
484 2039 596 2101 vostro,
609 2031 794 2089 Masinissae
816 2049 863 2088 me
886 2036 1025 2106 nepotem

144 2116 256 2190 etjam
279 2115 316 2171 ab
338 2114 432 2190 stirpe
455 2114 571 2170 socium
596 2118 686 2188 atque
702 2113 832 2170 amicum
847 2112 953 2187 populi
968 2113 1029 2169 Ro-

144 2197 229 2254 mani
256 2214 350 2271 regno
377 2195 565 2270 fortunisque
591 2193 732 2250 omnibus
757 2193 879 2267 expulit.
923 2193 1027 2267 Atque

144 2295 212 2352 ego,
228 2283 331 2352 patres
353 2276 522 2352 conscripti,
541 2274 686 2350 quoniam
702 2292 737 2331 e0
751 2274 942 2329 miseriarum
960 2290 1029 2329 ven·
1043 2273 1079 2330 25

145 2363 233 2414 turus
247 2376 339 2426 eram,
356 2357 464 2414 vellem
481 2357 583 2432 potius
596 2354 634 2409 ob
649 2371 717 2410 mea
728 2371 818 2429 quam
830 2353 867 2410 ob
879 2355 1027 2427 majorum

145 2456 281 2495 meorum
304 2437 449 2495 beneficia
471 2454 591 2513 possem
617 2453 635 2491 1
651 2434 739 2491 vobis
756 2433 901 2490 auxilium
917 2439 1027 2509 petere,

147 2537 181 2576 ac
196 2536 336 2576 maxume
352 2518 454 2575 deberi
472 2517 545 2574 mihi
563 2515 709 2573 beneficia
725 2532 742 2571 a
756 2513 1026 2590 populoRomano,

147 2599 257 2674 quibus
280 2617 339 2656 non
362 2615 501 2671 egerem3
524 2596 691 2654 seeundum
713 2613 757 2660 11.
780 2595 806 2651 si
828 2594 1029 2652 desideranda

147 2685 243 2748 erant,
259 2680 304 2736 uti
320 2679 430 2736 debitis
446 2686 553 2735 uterer.
601 2676 660 2734 Sed
677 2676 822 2751 quoniam
839 2692 945 2750 parum
961 2679 1030 2731 tuta
1044 2673 1081 2730 30

147 2777 202 2834 per
223 2777 255 2816 se
277 2760 345 2835 ipsa
365 2759 500 2832 probitas
521 2764 577 2825 est,
594 2775 691 2832 neque
715 2755 790 2812 mihi
813 2755 843 2812 in
865 2773 957 2812 11111111
972 2755 1030 2811 fuit

148 2838 305 2913 Jugurtha
326 2839 425 2915 qualis
447 2839 532 2908 foret,
550 2838 588 2895 ad
612 2855 668 2895 vos
690 2837 822 2911 confugi,
839 2842 941 2912 patres
964 2852 1031 2892 cou-

149 2919 262 2994 scripti,
285 2920 403 2994 quibus,
425 2919 506 2994 quod
528 2917 601 2974 mihi
624 2918 836 2975 miserrumum
860 2922 915 2986 est,
938 2931 1031 2989 cogor

147 3001 233 3076 prius
255 3000 338 3057 oneri
353 3017 444 3074 quarn
460 2999 527 3055 usui
543 3015 618 3055 esse.
664 2997 765 3056 Ceteri
781 3016 869 3071 reges
884 3001 938 3054 aut
951 2994 1030 3052 bello

151 3081 221 3136 victi
245 3081 275 3136 in
299 3080 463 3136 amicitiem
486 3098 503 3135 a
518 3079 606 3136 vobis
622 3079 736 3153 recepti
753 3084 834 3147 suut,
852 3077 949 3134 autin
966 3072 1083 3133 1111135

149 3161 251 3217 dubiis
266 3161 355 3218 rebus
368 3160 545 3217 societatem
555 3167 690 3216 vostram
706 3159 929 3232 appetiverunt.
975 3156 1031 3212 Fa

150 3241 233 3297 milia
262 3247 366 3298 nostra
395 3258 462 3298 cunr
491 3240 602 3314 populo
632 3239 773 3295 Romano
799 3237 877 3294 bello
905 3235 1033 3296 Cartha

151 3321 281 3393 giniensi
312 3320 475 3378 amicitiam
504 3318 646 3387 instituit,
677 3335 736 3392 quo
765 3323 900 3391 tempore
930 3315 1030 3388 magis

151 3399 225 3458 fides
239 3401 304 3475 ejus
315 3417 405 3475 quam
421 3400 543 3456 fortuna
556 3397 769 3472 petendaerat.
814 3396 950 3468 Quorum
965 3409 1032 3468 pro-
