2322 3718
94 127 135 190 92
442 136 682 184 ssuuusrms.

147 297 229 373 pleni
252 314 328 353 esse.
372 294 432 353 Sed
453 300 541 351 nocte
556 312 599 362 ea,
617 311 693 368 quae
713 311 862 368 proxuma
875 294 935 353 fuit
957 301 1033 354 aute

148 378 229 434 diem
244 376 394 450 colloquio
405 376 566 444 decretum,
578 373 704 431 Maurus
715 373 860 431 adhibitis
873 377 979 432 amicis
996 395 1034 433 ac

149 459 263 526 statim,
280 458 442 512 immutata
457 455 622 522 voluntate,
644 455 777 524 remotis
794 454 905 512 dicitur
925 474 1033 512 secum

150 539 214 613 ipse
230 538 358 594 multum
375 535 553 610 agitavisse,
566 534 793 609 voltucorporis
805 536 921 610 pariter
936 544 1032 611 atque

116 619 251 677 banimo
281 617 397 674 varius:
421 633 499 690 quae
521 614 645 684 seilicet,
668 622 788 672 tacente
811 616 885 690 ipso,
910 617 1032 674 occulta

149 698 281 773 pectoris
303 697 491 773 patefecisse.
535 695 651 752 Tamen
672 701 832 770 postremo·
844 695 961 753 Sullam
984 715 1034 754 ac-

149 779 226 836 cersi
243 779 332 852 jubet
347 785 430 834 etex
453 776 535 833 illius
554 775 707 832 sententia
726 775 880 833 Numidae
901 776 1032 834 insidias

150 859 258 918 tendit.
300 858 426 927 Deinde,
444 857 495 913 ubi
517 857 582 914 dies
604 855 729 912 advenit
749 863 781 912 et
805 857 832 912 ei
854 857 1032 914 nuntiatum

99 950 104 958 ·
150 945 198 998 est
222 938 412 1014 Jugurtham
439 937 523 994 'haud
552 936 657 1010 procul
687 936 801 1004 abesse,
826 954 894 992 cum
924 939 1032 1012 paucis

100 1023 135 1079 10
154 1020 258 1077 amieis
278 1027 310 1078 ct
330 1024 491 1094 quaestore
520 1021 634 1086 nostro,
656 1016 744 1091 quasi
767 1017 876 1073 obvius
905 1017 1032 1074 honoris

153 1118 253 1170 eausa,
276 1100 413 1177 procedit
434 1100 465 1156 in
487 1097 637 1156 tumulum
660 1097 847 1154 facillumum
871 1097 938 1154 visu
960 1098 1033 1155 insi-

151 1180 313 1238 diantibus.
357 1180 474 1238 Eodem
497 1177 724 1243 Numidacum
756 1177 907 1252 plerisque
931 1197 1034 1238 neces-

152 1261 240 1317 sariis
269 1261 334 1317 suis
363 1261 494 1330 inermis,
517 1259 562 1316 uti
591 1259 706 1315 dictum
735 1263 809 1327 erat,
840 1259 964 1330 accedit,
994 1279 1033 1318 ac

153 1341 267 1412 statim,
284 1341 372 1415 siguo
388 1341 467 1410 dato,
486 1341 618 1415 undique
640 1339 730 1396 simul
746 1357 783 1395 ex
804 1339 926 1397 insidiis
946 1342 1034 1398 inva-

101 1423 135 1480 15
151 1421 240 1478 ditur.
286 1420 386 1480 (letari
402 1421 571 1478 obtruncati
587 1441 594 1494 3
616 1421 637 1478 J
642 1420 774 1495 ugurtha
791 1418 893 1478 Sullae
910 1422 1033 1480 vinctus

153 1501 285 1559 traditur
299 1509 330 1558 et
345 1502 383 1558 ab
398 1519 434 1558 eo
450 1502 488 1558 ad
504 1501 635 1558 Marium
650 1502 799 1560 deductus
814 1510 869 1560 est.

194 1583 257 1639 114.
283 1581 343 1638 Per
358 1582 439 1638 idem
453 1589 574 1656 tempus
590 1582 753 1640 advorsum
770 1583 875 1642 Gallos
898 1586 937 1642 ab
951 1585 1034 1643 duci-

152 1662 210 1718 bus
235 1661 347 1718 nostris
365 1663 398 1734 Q.
418 1661 570 1736 Caepione
586 1669 616 1720 et
632 1663 674 1720 M.
690 1664 807 1723 Manlio
823 1668 900 1724 male
916 1687 1034 1743 pugna-

152 1748 232 1815 tum;
255 1760 315 1817 quo
330 1749 413 1798 metu
429 1742 522 1800 Italia
538 1743 637 1800 omnis
653 1748 843 1806 contremuit.
889 1750 1033 1825 Illimque

99 1825 136 1880 20
151 1840 248 1897 usque
270 1822 308 1879 ad
330 1828 465 1879 nostram
487 1824 664 1882 memoriam
683 1827 815 1884 Romani
832 1829 875 1886 sic
891 1831 1032 1899 habuere,

153 1903 213 1960 alia
233 1902 335 1960 omnia
350 1903 456 1960 virtuti
478 1920 550 1960 suae
572 1921 669 1979 prona
684 1925 760 1977 esse,
779 1926 848 1966 cum
864 1910 961 1968 Gallis
977 1929 1034 1985 pro

152 1983 258 2053 salute,
269 2001 329 2040 non
338 2001 393 2058 pro
404 1983 501 2057 gloria
513 1986 629 2042 certari.
676 1985 735 2044 Sed
747 1996 908 2064 postquam
920 1991 1034 2048 bellum

151 2063 183 2119 in
204 2063 351 2120 Numidia
366 2064 535 2122 confectum
551 2070 582 2122 et
597 2066 618 2123 J
621 2067 783 2142 ugurtham
807 2071 939 2128 Romam
955 2073 1037 2130 vinc-

151 2149 218 2200 tum
246 2143 356 2200 adduci
382 2145 558 2202 nuntiatum
580 2152 637 2217 est,
654 2147 771 2204 Marius
796 2151 901 2207 consul
923 2153 1036 2210 absens

100 2223 136 2279 25
152 2223 251 2280 factus
277 2229 325 2280 est
339 2229 371 2281 et
391 2224 418 2280 ei
434 2226 556 2283 decreta
571 2228 727 2301 provincia
743 2228 861 2304 Gallia3
884 2233 970 2309 isque
986 2234 1037 2290 ka-

152 2303 250 2360 lendis
273 2304 432 2361 Januariis
449 2324 561 2380 magna
586 2307 684 2380 gloria
704 2310 808 2366 consul
821 2311 1035 2389 triumphavit.

154 2383 202 2521 a?
222 2402 258 2442 ea
276 2389 460 2461 tempestate
484 2403 555 2462 spes
576 2391 667 2464 atque
691 2406 764 2465 opes
779 2390 915 2450 civitatis
936 2395 967 2452 in
983 2394 1037 2452 illo

153 2481 180 2520 sr
196 2481 240 2522 ae.
