2346 3718
72 147 114 210 36
349 159 378 206 o.
398 158 579 205 sanansri
605 158 729 205 oarsrr

127 318 188 375 illis
210 317 379 392 accepistis,
397 335 496 374 nonne
519 335 638 374 summa
653 335 709 390 ope
724 314 890 373 nitemini?
913 323 1004 392 atque

126 417 162 456 eo
179 398 398 466 vehementius,
415 416 474 472 quo
496 400 592 471 majus
608 397 739 453 dedecus
754 403 801 452 est
816 403 905 470 parta
921 399 1006 454 arnit-

122 485 199 545 tere,
223 496 312 552 quam
337 477 460 534 omniuo
481 496 541 534 non
564 477 727 551 paravisse.
774 477 860 532 Dicet
886 477 1003 550 aliquio,

130 559 208 632 Quid
225 559 317 632 igitur
337 556 465 615 censes?
488 558 714 615 Vindicandum
729 557 760 612 in
775 573 836 626 eos,
857 575 907 630 qur
924 558 1006 613 hosti

95 643 112 699 5
127 639 284 715 prodidere
299 655 361 694 rem
373 638 533 712 publicam.
577 637 647 694 Non
663 655 755 693 manu
766 654 861 710 neque
875 637 913 706 vi,
924 639 1006 711 quod

129 719 228 793 magis
240 735 294 774 vos
310 717 417 775 iecisse
428 736 518 792 quarn
535 717 595 774 illis
611 718 756 774 accidisse
773 717 933 790 indignum
949 725 1005 786 est,

129 817 234 856 verum
257 798 486 873 quaestionibus
507 803 538 855 et
558 797 670 854 indicio
696 797 791 872 ipsius
812 796 1006 870 Jugurthac3

129 880 181 954 qni
197 880 223 936 si
238 878 400 936 dediticius
416 885 470 948 est,
483 877 617 954 profecto
628 877 722 951 jussis
736 878 846 934 vostris
861 877 1007 934 obediens

129 960 208 1034 erit;
230 961 276 1016 sin
292 977 327 1016 ea
342 959 518 1030 contemnit,
530 958 643 1015 scilicet
658 957 895 1028 existumabitis,
908 958 1008 1032 qualis

79 1041 115 1098 10
132 1039 184 1096 illa
199 1057 259 1115 pax
274 1047 326 1096 aut
341 1039 455 1097 deditio
471 1040 519 1109 sit,
536 1055 573 1094 ex
589 1057 648 1112 qua
660 1038 698 1094 ad
713 1038 733 1095 J
738 1037 902 1111 ugurtham
919 1039 1009 1094 scele-

130 1119 861 1195 rumimpunitasadpaucospotentesmaxurnae
872 1118 1006 1188 divitiae,

131 1200 169 1256 ad
180 1217 240 1256 rem
252 1199 401 1275 publicam
420 1201 632 1273 damnantque
643 1198 790 1255 dedecora
804 1199 1006 1272 pervenerint.

130 1280 200 1337 Nisi
223 1281 299 1336 forte
321 1279 455 1337 nondum
476 1281 569 1336 etiam
586 1296 641 1335 vos
664 1279 882 1335 dominationis
903 1296 1008 1336 eorum

131 1360 259 1417 satietas
281 1366 372 1428 tenet,
395 1365 426 1416 et
449 1360 613 1434 illaquam
637 1358 712 1415 haec
740 1364 879 1433 tempora
908 1360 1009 1432 magis

80 1441 115 1498 15
131 1442 260 1516 placent,
277 1458 345 1497 curn
368 1457 470 1514 regna,
487 1439 671 1514 provinciae,
685 1439 775 1514 leges,
788 1441 866 1513 jura,
884 1440 1007 1513 judicia,

110 1533 113 1539 '
131 1521 210 1578 bella
225 1527 315 1594 atque
337 1539 435 1596 paceo,
453 1526 608 1595 postremo
631 1519 734 1576 divina
749 1526 780 1576 et
794 1520 928 1577 humana
950 1539 1010 1577 onr-

130 1601 182 1657 nia
197 1618 290 1675 penes
306 1618 419 1676 paucos
433 1607 528 1671 crant,
547 1618 601 1656 vos
611 1607 722 1668 autern,
740 1598 796 1657 hoc
811 1606 866 1670 est,
879 1601 1009 1676 populus

132 1682 301 1750 Romanus„
318 1681 424 1738 invicti
439 1682 477 1738 ab
493 1681 641 1750 hostibus
662 1681 859 1754 imperatores
875 1682 1010 1737 omniurn

132 1761 277 1835 gentium,
289 1761 365 1818 satis
375 1761 536 1819 habebatis
549 1761 681 1818 animam
695 1760 842 1818 retinere:
866 1779 936 1817 nam
952 1779 1011 1818 ser-

80 1841 116 1897 20
134 1841 263 1898 vitutem
285 1842 407 1916 quidem
431 1842 499 1932 quis
523 1847 659 1898 vostrum
688 1859 827 1898 recusare
856 1839 1009 1898 audebat?

126 1927 169 1980 At
157 1930 228 1998 tque
244 1941 310 1996 ego,
326 1921 450 1978 tametsi
471 1921 536 1977 viro
558 1920 652 1993 flagit'
642 1921 839 1978 rosissnmum
861 1921 1014 1977 existumo

123 2001 583 2090 impuneinjuriamaccepisset
571 2000 1015 2056 tamsnvoshonrinibusscele-

133 2089 181 2136 rat
185 2079 308 2136 issumis
319 2079 484 2172 ignoscere,
495 2077 640 2170 quoniam
650 2078 733 2135 cives
748 2085 828 2146 sunt,
842 2096 936 2153 aequo
949 2077 1012 2135 ani·

133 2177 182 2215 mo
190 2165 317 2235 paterer,
330 2159 623 2217 nimisericordiain
633 2159 795 2234 perniciem
806 2164 1009 2215 casuraesset.

81 2241 117 2297 25
135 2239 215 2296 Nam
231 2245 261 2296 et
271 2240 340 2310 nus,
352 2246 500 2314 quantum
518 2239 759 2313 importunitatis
775 2238 894 2308 habent,
903 2256 1012 2313 parum

133 2327 180 2376 est
191 2320 313 2393 impune
325 2320 402 2376 male
419 2320 535 2388 fecisse,
548 2319 607 2376 nisi
623 2319 730 2376 deiude
741 2319 874 2375 faciundi
891 2319 1012 2376 licentia

134 2399 268 2474 eripitur,
285 2409 313 2456 et
327 2400 416 2456 vobis
431 2406 555 2456 aeterna
571 2399 742 2457 sollicitudo
758 2400 932 2466 remanebit,
944 2416 1012 2454 cum

133 2480 312 2554 intelligetis
329 2488 381 2536 aut
391 2480 588 2536 serviundum
600 2497 666 2536 esse
677 2485 731 2536 aut
744 2497 914 2552 parmenus
926 2479 1013 2535 liber·

134 2565 228 2616 tatem
250 2560 448 2617 retinendam.
493 2560 573 2617 Nam
596 2559 663 2616 fidei
680 2559 802 2634 quidem
826 2566 879 2617 aut
893 2577 1014 2618 concor·

81 2643 119 2698 30
135 2641 203 2697 diae
215 2659 292 2715 qnae
308 2657 377 2715 spes
392 2638 462 2697 est?
507 2639 667 2698 Dominari
679 2639 721 2695 illi
734 2639 848 2710 volunt,
860 2639 1012 2697 vosliberi

134 2739 209 2786 esse,
232 2721 329 2778 facere
349 2721 394 2777 illi
416 2721 548 2794 injurias
573 2737 629 2776 vos
655 2719 837 2794 prohibere;
859 2726 1013 2794 postremo

135 2800 1013 2875 sociisnostrisvelutihostibus,hostibusprosociisutun-

134 2889 191 2938 tur.
224 2881 370 2938 Potestne
386 2881 417 2936 in
429 2887 493 2937 tam
508 2880 930 2955 divorsismentibuspaxaut
942 2881 1015 2936 arni·

136 2961 209 3018 citia
223 2959 315 3019 esse?
354 2961 453 3033 Quare
475 2978 581 3016 moneo
597 2959 759 3035 hortorque
768 2978 876 3029 vosne
891 2966 1014 3016 tanturn

82 3043 119 3098 35
136 3041 235 3098 scelus
257 3041 440 3116 impunitum
456 3041 615 3099 omittatis.
659 3040 729 3096 Non
744 3042 902 3115 peculatus
918 3041 1015 3097 aerari

135 3122 233 3179 sactus
256 3131 311 3189 est,
329 3139 423 3194 neque
446 3120 576 3195 pervim
599 3119 689 3177 sociis
713 3127 835 3194 ereptas
859 3121 1013 3195 pecuniae,

136 3219 213 3276 quac
235 3219 418 3274 quamquam
441 3199 548 3271 gravia
568 3206 647 3268 sunt,
669 3205 771 3256 tamen
795 3202 1015 3258 consuetudine

138 3283 200 3355 jam
220 3298 273 3355 pro
297 3279 391 3335 nihilo
414 3279 572 3336 habentur.
610 3279 702 3335 Hosti
724 3298 879 3337 acerrumo
893 3281 1016 3356 prodita

137 3367 262 3419 senatus
278 3359 451 3428 auctoritas,
465 3358 619 3433 proditum
630 3358 789 3433 imperium
800 3367 936 3418 vostrum
949 3368 1015 3420 est:
