2346 3718
378 154 425 201 on
446 153 566 200 sunno
592 155 853 204 sequererne.
1038 142 1081 209 27

147 329 255 371 eornm
277 312 426 388 paulatim
449 312 564 387 Libyes
586 331 754 390 corrupere,
771 315 901 373 barbara
922 316 1028 392 lingua

149 395 279 451 Mauros
294 412 348 468 pro
365 392 467 450 Medis
479 393 676 468 appellantes,
722 394 781 452 Sed
797 413 845 452 res
863 396 1025 454 Persarum

148 474 235 532 brevi
251 474 401 547 adolevit3
424 492 458 530 ac
472 481 579 548 postea
594 475 714 532 nomine
730 475 890 545 Numidae,
906 487 1027 552 propter

148 555 377 612 multitudinem
401 573 419 610 a
441 554 617 628 parentibus
639 555 779 629 digressi,
802 557 962 631 possedere
991 576 1028 614 ea

147 636 224 705 loca,
240 654 317 711 quae
332 652 482 710 proxuma
493 633 680 708 Carthagine
693 635 840 693 Numidia
850 637 1026 712 appellatur.
1062 640 1080 696 5

146 716 268 773 Deinde
277 715 396 790 utrique
409 714 513 772 alteris
524 714 593 771 freti
604 715 760 773 finitumos
773 718 866 774 armis
877 724 930 774 aut
941 723 1025 774 metu

146 797 207 852 sub
223 795 382 871 imperium
393 812 480 851 anum
493 812 626 868 coegere,
639 813 747 853 nornen
764 797 952 871 gloriamque
968 798 1027 854 sibi
1055 801 1058 806 ’

146 875 310 948 addidere;
332 875 431 948 magis
447 873 475 944 ii,
494 875 545 949 qui
562 875 601 932 ad
617 882 755 933 nostrum
778 894 861 934 mare
877 895 1029 952 processe-

145 964 225 1024 rant,
250 957 320 1031 quia
346 955 460 1030 Libyes
485 972 575 1029 quam
604 953 725 1012 Gaetuli
753 957 854 1013 minus
884 958 1026 1015 bellicosi.

146 1035 287 1111 Denique
303 1035 426 1093 Africae
447 1052 518 1110 pars
533 1035 657 1092 inferior
673 1035 815 1112 pleraque
831 1038 869 1094 ab
885 1037 1027 1095 Numidis
1045 1040 1094 1095 10·

144 1133 292 1192 possessa
318 1122 385 1189 est;
408 1115 482 1172 victi
511 1133 616 1172 omnes
647 1115 679 1172 in
706 1123 827 1192 gentem
857 1135 1027 1193 nomenque

144 1197 361 1272 imperantium
378 1213 560 1254 concessere.

191 1279 235 1336 19.
259 1279 372 1335 Postea
391 1275 568 1344 Phoenices
580 1275 631 1333 alii
646 1275 853 1334 multitudinis
872 1277 953 1334 domi
976 1278 1029 1334 mi-

146 1359 288 1416 nuendae
322 1357 430 1432 gratia,
454 1375 524 1432 pars
553 1357 662 1432 imperi
691 1357 838 1431 cupidine,
863 1359 1028 1416 sollicitata

145 1438 235 1513 plebe
258 1445 289 1496 et
312 1438 380 1495 aliis
405 1455 553 1494 novarum
581 1453 681 1494 rerum
708 1436 817 1507 avidis,
843 1436 1081 1514 Hipponem,'l5

147 1518 385 1586 Hadrumetum,
403 1517 523 1591 Leptim
546 1517 682 1592 aliasque
706 1518 796 1575 urbes
817 1518 849 1575 111
870 1519 1029 1576 011111111-

145 1604 234 1654 tuma
255 1597 423 1667 condidere,
439 1616 552 1673 eaeque
575 1599 659 1655 brevi
684 1597 813 1656 multum
834 1607 942 1657 auctae
957 1617 1028 1674 pars

146 1679 319 1753 originibus
342 1679 407 1734 suis
422 1679 582 1753 praesidi0,
599 1678 676 1735 aliae
695 1679 796 1737 decori
812 1679 902 1737 fuere.
947 1679 1028 1736 Nam

146 1759 186 1816 de
203 1758 390 1832 Carthagine
400 1758 487 1815 silere
495 1759 689 1834 meliusputo
699 1777 790 1834 quam
803 1777 911 1834 parum
920 1760 1026 1829 dicere,

146 1839 293 1915 quoniam
309 1839 368 1903 alio
382 1856 544 1914 properare
559 1845 679 1914 tempus
697 1845 808 1897 monet.
1043 1840 1081 1897 10

188 1919 288 1994 Igitur
310 1920 349 1977 ad
366 1918 601 1989 Catabathmon,
618 1921 668 1994 qui
691 1920 776 1977 locus
794 1920 972 1995 Aegyptum
989 1920 1027 1977 ab

147 1999 254 2058 Africa
269 1999 390 2069 dividit,
404 1999 536 2057 secundo
551 2000 628 2056 mari
643 2001 742 2076 prima
755 2001 875 2076 Cyrene
885 2006 940 2070 est,
952 2001 1028 2057 colo-

147 2080 198 2137 nia
222 2081 389 2148 Theraeon,
414 2098 449 2137 ac
475 2080 617 2155 deinceps
644 2081 722 2138 duae
749 2080 866 2156 Syrtes,
889 2082 1027 2155 interque

146 2179 200 2217 eas
222 2161 350 2236 Leptis;
378 2160 486 2218 deinde
510 2160 679 2218 Philaenon
712 2179 791 2228 arae,
814 2179 903 2236 quem
925 2161 1023 2218 locum

147 2241 328 2316 Aegyptum
351 2258 461 2298 vorsus
486 2240 575 2298 finem
607 2242 717 2316 imperi
743 2241 875 2298 habuere
900 2238 1079 2300 Cartha-25

147 2321 308 2395 ginienses,
331 2327 400 2396 post
426 2322 502 2378 aliae
527 2322 661 2380 Punicae
684 2322 782 2379 urbes.
826 2321 937 2380 Cetera
961 2322 1028 2378 loca

146 2420 242 2476 usque
258 2403 297 2458 ad
313 2401 538 2458 Mauretaniam
560 2401 712 2460 Numidae
735 2407 859 2474 tenent;
881 2419 1026 2478 proxume

148 2482 331 2556 Hispaniam
352 2481 453 2538 Mauri
465 2489 544 2538 sunt.
586 2483 684 2558 Super
694 2481 871 2539 Numidiam
881 2481 1027 2540 Gaetulos

147 2563 318 2637 accepimus
339 2563 451 2636 partim
474 2563 505 2618 in
521 2563 661 2636 tuguriis,
679 2562 754 2619 alios
769 2563 914 2619 incultius
929 2579 1026 2636 vagos

148 2643 273 2716 agitare,
290 2648 359 2717 post
374 2659 426 2698 eos
443 2643 616 2718 Aethiopas
632 2660 707 2711 esse,
721 2643 906 2700 dehincloca
917 2649 1026 2699 exusta
1041 2641 1079 2697 30

146 2723 220 2780 solis
244 2722 407 2780 ardoribus.
454 2723 556 2797 Igitur
581 2723 659 2780 bello
675 2722 867 2797 Jugurthino
882 2722 1025 2797 pleraque

145 2820 183 2860 ex
199 2802 325 2860 Punicis
349 2803 461 2878 oppida
475 2809 506 2860 et
531 2802 604 2859 fines
622 2803 932 2876 Carthaginiensium,
948 2819 1026 2876 quos
1125 2803 1127 2805 ’

145 2883 321 2940 novissume
337 2884 516 2952 habuerant,
528 2884 660 2958 populus
672 2883 832 2940 Romanus
845 2900 900 2959 per
915 2883 1027 2955 magis-

145 2969 244 3021 tratus
275 2964 520 3033 administrabat,
547 2963 745 3022 Gaetulorum
767 2982 879 3038 magna
900 2979 973 3037 pars
994 2966 1025 3019 et

146 3043 299 3102 Numidae
316 3063 410 3120 usque
426 3045 464 3102 ad
477 3043 588 3104 flumen
605 3043 781 3101 Mulucham
797 3045 853 3100 sub
868 3043 1024 3116 Jugurtha
1040 3041 1077 3096 35

145 3132 239 3196 erant,
265 3127 383 3184 Mauris
406 3124 547 3182 omnibus
573 3142 628 3182 rex
657 3124 796 3182 Bocchus
818 3123 1023 3198 imperitabat,

145 3215 264 3280 praeter
281 3224 390 3264 nomen
406 3213 507 3262 cetera
522 3205 650 3280 ignarus
665 3204 767 3281 populi
783 3203 924 3272 Romani,
941 3203 1025 3258 item-

144 3307 201 3364 que
220 3289 310 3346 nobis
333 3304 430 3361 neque
454 3285 533 3342 bello
558 3302 655 3360 neque
674 3302 748 3361 pace
768 3289 857 3340 antea
872 3283 1022 3358 cognitus
