2322 3718
105 128 147 192 82
383 143 610 192 o.saauusr1
637 142 759 190 oarsr’r

161 302 308 360 advorsos
329 320 481 360 acerrume
501 315 684 378 pugnantes,
706 301 743 359 ab
763 306 850 377 tergo
873 303 1045 362 circumve-

159 383 241 456 nire;
263 401 359 457 neque
382 384 480 441 virtus
502 400 599 456 neque
622 400 707 439 arma
728 382 804 440 satis
825 389 939 457 tegere,
964 387 1042 459 quia

159 463 263 520 hostes
284 480 408 520 numero
429 463 532 538 plures
552 468 583 518 et
597 463 729 536 undique
750 463 924 520 circumfusi
939 471 1042 524 erant.

160 543 299 618 Denique
316 543 450 600 Romani
466 549 584 599 veteres
608 543 739 617 novique
755 548 786 599 et
801 544 839 600 ob
855 561 892 600 ea
907 545 1042 602 scientes

126 623 237 693 5belli‚
262 623 386 698 siquos
415 624 499 680 locus
530 629 583 679 aut
608 640 698 680 casus
719 625 926 695 conjunxerat,
951 625 1043 682 orbes

159 705 265 774 facere,
288 710 378 778 atque
401 704 444 760 ita
467 704 504 760 ab
527 703 669 760 omnibus
689 703 828 778 partibus
849 705 942 762 simul
964 705 1042 763 tecti

159 792 190 841 et
204 784 345 842 instructi
360 784 495 842 hostium
509 784 572 842 vim
588 785 810 840 sustentabant.

200 868 244 923 98.
268 864 374 940 Neque
396 867 427 921 in
442 882 477 921 eo
493 870 556 921 tam
578 881 684 939 aspero
705 865 830 940 negotio
845 863 965 922 Marius
978 871 1042 922 ter·

157 945 236 1000 ritus
252 951 305 1002 aut
319 948 419 1020 magis
429 962 519 1020 quam
536 949 627 1001 antea
641 945 775 1002 demisso
787 945 890 1002 animo
905 947 973 1016 fuit,
984 945 1041 1005 sad

108 1024 145 1082 lc
160 1043 227 1082 cum
249 1034 350 1082 turma
369 1043 432 1094 sua,
449 1043 541 1101 quam
561 1042 599 1081 ex
618 1025 804 1082 fortissumis
825 1027 925 1101 magis
947 1045 1042 1102 quam

159 1105 417 1163 familiarissumis
437 1111 607 1180 paraverat,
624 1105 732 1180 vagari
753 1107 879 1181 passim,
897 1125 932 1165 ao
946 1108 1042 1165 modo

159 1186 368 1243 laborantibus
388 1187 453 1243 suis
471 1202 651 1253 succurrere,
668 1186 757 1243 modo
773 1186 885 1257 hostes
902 1187 956 1244 ubi
971 1206 1043 1246 con·

154 1266 327 1324 fortissumi
357 1266 550 1337 obstiterant,
573 1265 735 1339 invadere3
758 1284 852 1324 manu
880 1267 1041 1326 consulere

159 1347 314 1416 militibus,
331 1347 475 1422 quoniam
495 1347 653 1421 imperare,
675 1347 866 1404 conturbatis
886 1349 1039 1419 omnibus

108 1425 143 1482 15
159 1445 220 1485 non
240 1433 368 1502 poterat.
411 1428 545 1502 Jamque
569 1426 634 1483 dies
654 1435 856 1501 consumptus
878 1441 952 1498 erat,
969 1447 1041 1486 cum

120 1535 129 1550 ·
159 1513 259 1564 tamen
275 1508 397 1564 barbari
413 1507 488 1564 nihil
503 1507 666 1576 remittere,
683 1513 782 1582 atque,
795 1507 840 1563 uti
854 1525 943 1582 reges
955 1527 1042 1583 prae·

160 1594 310 1663 ceperant,
326 1592 447 1645 noctem
466 1604 520 1661 pro
536 1605 568 1644 se
589 1587 657 1657 rati,
674 1588 775 1644 acrius
790 1587 914 1645 instare.
958 1589 1040 1646 Tum

160 1667 278 1725 Marius
293 1687 330 1725 ex
350 1669 437 1742 copia
457 1684 558 1724 rerum
579 1667 740 1724 consilium
760 1667 864 1739 trahit,
888 1674 979 1744 atque
993 1670 1041 1726 uti

160 1749 224 1805 suis
252 1749 384 1824 receptui
413 1748 497 1805 locus
522 1753 612 1817 esset,
637 1747 729 1804 colles
752 1748 830 1804 duos
851 1750 1042 1824 propinquos

107 1829 145 1885 20
160 1829 238 1886 inter
247 1846 279 1885 se
289 1833 424 1904 occupat,
433 1846 561 1903 quorum
571 1828 602 1884 in
610 1845 678 1898 uno,
688 1827 797 1884 castris
808 1847 916 1903 parum
927 1829 1040 1904 amplo,

160 1910 228 1967 fons
243 1927 339 1984 aquae
353 1925 486 1982 magnus
501 1914 574 1979 erat,
586 1908 662 1965 alter
678 1908 748 1964 usui
758 1915 956 1983 opportunus„
968 1911 1043 1984 quia

160 2008 273 2064 magua
293 1994 379 2064 parte
402 1989 502 2046 editus
523 1993 554 2045 et
571 2005 716 2064 praeceps
733 2006 832 2062 pauca
849 1989 1043 2047 munimenta

160 2069 334 2145 quaerebat.
380 2069 522 2128 Ceterum
534 2068 615 2144 apud
630 2087 740 2143 aquam
752 2068 871 2126 Sullam
881 2088 949 2126 cum
959 2070 1043 2144 equi·

159 2151 245 2208 tibus
257 2156 377 2208 noctem
390 2149 507 2224 agitare
518 2149 620 2223 jubet3
642 2149 708 2224 ipse
722 2149 871 2224 paulatim
886 2149 1042 2226 dispersos

106 2234 144 2291 25
160 2231 284 2302 milites,
299 2249 397 2305 neque
412 2230 513 2286 minus
529 2229 670 2287 hostibus
685 2229 885 2300 conturbatis,
898 2231 930 2287 in
944 2248 1041 2287 unum

159 2312 321 2381 contrahit,
337 2311 409 2369 dein
428 2316 554 2368 cunctos
573 2310 663 2386 pleno
682 2309 781 2383 gradu
799 2309 831 2366 in
852 2311 958 2367 collem
974 2311 1044 2367 sub-

159 2393 250 2450 ducit.
296 2392 347 2450 Ita
366 2408 453 2466 reges
472 2391 530 2448 loci
551 2389 729 2448 difficultate
749 2390 846 2446 coacti
862 2389 976 2465 proelio
993 2391 1043 2446 de-

160 2479 320 2543 terrentur,
336 2490 434 2546 neque
455 2477 558 2529 tamen
581 2488 653 2528 suos
674 2471 797 2544 longius
818 2470 901 2526 abire
926 2471 1041 2541 sinunt,

161 2554 214 2610 sed
243 2559 371 2628 utroque
400 2552 474 2609 colle
503 2551 700 2608 multitudine
729 2551 927 2620 circumdate,
952 2550 1043 2607 effusi

107 2637 145 2693 30
161 2634 330 2690 consedere.
374 2633 453 2690 Dein
468 2632 580 2690 crebris
604 2631 729 2706 ignibus
750 2630 847 2700 factis,
863 2631 1043 2706 plerumque

162 2714 261 2771 noctis
279 2713 399 2770 barbari
420 2729 502 2769 more
525 2730 580 2770 suo
596 2711 715 2783 laetari,
730 2710 892 2782 exsultare,
909 2716 1043 2784 strepere

161 2795 296 2864 vocibus,
319 2793 430 2868 stipsi
452 2793 544 2851 duces
566 2792 689 2862 feroces,
712 2791 866 2866 quianon
889 2791 1042 2865 fugerant,

160 2894 215 2951 pro
231 2875 398 2932 victoribus
419 2891 516 2948 agere.
563 2871 624 2930 Sed
646 2891 683 2929 ea
704 2876 813 2928 cuncta
834 2871 984 2928 Romanis
1004 2888 1044 2927 ex

162 2956 296 3012 tenebris
316 2960 348 3012 et
366 2953 548 3011 editioribus
568 2952 643 3010 locis
664 2952 764 3009 facilia
779 2951 849 3008 visu
868 2969 1043 3026 magnoque

110 3037 147 3093 35
163 3035 358 3092 hortamento
371 3038 469 3090 erant.
900 3057 902 3062 v

206 3117 253 3172 99,
275 3113 455 3170 Plurumum
477 3129 549 3168 vero
578 3111 699 3168 Marius
727 3111 881 3185 imperitia
907 3109 1046 3168 hostium

164 3191 367 3261 confirmatus,
376 3209 467 3266 quam
477 3209 653 3248 maxumum
662 3191 817 3247 silentium
830 3189 937 3247 haberi
946 3190 1045 3264 jubet,

165 3288 203 3327 ne
223 3271 312 3343 signa
326 3271 458 3345 quidem,
474 3270 518 3325 uti
539 3285 593 3344 per
608 3270 732 3344 vigilias
753 3269 902 3340 solebant,
924 3287 1043 3327 canere.

167 3348 287 3407 Deinde
306 3349 359 3406 ubi
379 3348 433 3406 lux
452 3348 649 3418 adventabat,
665 3348 794 3408 defessis
816 3350 882 3423 jam
903 3349 1048 3407 hostibus
