2346 3718
346 186 393 234 on
418 186 538 232 annno
563 183 824 232 ruauarnruo.
1008 165 1050 230 65

162 345 207 404 76.
232 343 292 402 Sed
308 362 368 414 rex,
385 345 461 401 nibil
478 346 543 418 jam
559 343 705 399 infectum
720 341 846 399 Metello
861 340 995 411 credens

117 427 234 501 quippe
243 425 294 501 qui
305 426 414 494 omnia,
425 442 518 494 arum,
529 424 599 492 tela,
611 422 702 493 locos,
711 427 858 497 tempora,
868 421 997 495 denique

118 513 263 563 naturam
280 505 378 580 ipsam
393 505 502 562 ceteris
514 504 739 578 imperitantem
753 502 907 559 industria
922 502 999 558 vice-

119 595 179 656 rat,
195 603 264 644 oum
278 585 383 642 liberis
397 592 429 642 et
443 602 556 658 magna
571 589 656 658 parte
671 583 817 658 pecuniae
832 601 870 640 ex
885 581 998 656 oppido

122 673 217 724 noctu
238 665 388 742 profugit3
411 682 506 739 neque
528 670 635 738 postea
657 663 688 719 in
704 663 765 720 ullo
786 663 851 720 loco
867 662 997 738 amplius
1032 663 1050 720 5

121 764 184 804 uno
200 747 247 803 die
263 753 315 804 aut
329 763 390 802 una
412 750 499 802 nocte
515 750 659 812 moratus
676 742 841 800 simulabat
861 761 928 800 sese
951 760 1000 798 ne

125 826 193 901 goti
209 827 310 901 gratia
323 842 491 901 properare.
537 823 679 882 Ceterum
695 823 899 897 proditionem
914 824 999 886 time-

121 907 184 976 bat,
192 923 283 980 quam
294 907 391 963 vitare
405 922 495 981 posse
506 904 661 962 celeritate
673 903 819 978 putabat:
842 921 912 960 nam
924 902 1000 960 talia

121 987 251 1044 consilia
263 1004 317 1062 per
327 987 424 1042 otium
431 991 463 1043 et
473 1003 511 1042 ex
522 985 750 1060 opportunitate
762 984 838 1057 capi.
881 984 926 1042 At
938 982 1001 1041 Me-

120 1067 222 1136 tellus
235 1066 284 1123 ubi
297 1067 465 1142 oppidanos
476 1066 592 1140 proelio
605 1064 747 1134 intentos,
757 1065 847 1121 simul
855 1064 999 1140 oppidum
1016 1064 1052 1120 10

121 1153 156 1204 et
177 1147 319 1222 operibus
339 1151 371 1204 et
392 1147 458 1204 loco
479 1146 631 1202 munitum
646 1145 739 1215 videt,
756 1145 837 1202 vallo
859 1145 999 1219 fossaque

122 1228 245 1284 moenia
255 1227 460 1284 circumvenit.
497 1225 615 1283 Deinde
627 1225 702 1282 loeis
711 1243 749 1282 ex
760 1227 847 1302 copia
858 1243 1000 1282 maxume

121 1307 242 1364 idoneis
257 1307 363 1364 vineas
378 1323 476 1381 agere,
487 1323 631 1380 aggerem
647 1307 791 1379 jacereet
806 1323 897 1380 super
911 1324 1000 1380 agge

121 1406 188 1445 rem
203 1387 355 1462 impositis
376 1387 511 1444 turribus
533 1403 611 1460 opus
627 1392 660 1443 et
675 1387 872 1444 administros
895 1387 998 1444 tutari.

124 1467 242 1525 Oontra
255 1466 330 1524 haec
345 1467 488 1542 oppidani
504 1467 656 1536 festinare,
672 1484 779 1541 parare
793 1487 800 1539 ;
823 1485 945 1542 prorsus
961 1467 1000 1523 ab
1016 1465 1052 1522 15

122 1547 262 1622 utrisque
290 1546 366 1604 nihil
393 1547 543 1622 reliquum
572 1546 642 1603 lieri.
687 1547 826 1622 Denique
855 1548 999 1626 Romani,

122 1627 222 1684 multo
232 1633 302 1684 ante
312 1627 413 1684 labore
429 1627 612 1702 proeliisque
622 1627 755 1701 fatigati,
771 1634 842 1704 post
851 1628 916 1685 dies
932 1646 1002 1703 qua-

122 1708 269 1781 draginta
282 1725 374 1781 quarn
389 1725 425 1764 eo
437 1713 562 1764 ventum
578 1712 651 1778 erat,
665 1707 775 1783 oppido
791 1709 880 1766 modo
895 1708 1001 1784 potiti3

121 1788 237 1864 praeda
259 1788 357 1844 omnis
380 1788 418 1844 ab
437 1788 576 1862 perfugis
598 1794 749 1863 surrupta.
791 1789 818 1848 Ii
839 1796 1001 1864 postquam

122 1885 245 1925 murum
263 1863 407 1924 arietibus
421 1868 503 1924 feriri
518 1885 627 1942 resque
644 1885 717 1926 suas
733 1868 871 1926 adflictas
886 1870 1000 1938 vident,
1010 1869 1055 1948 Ι20

122 1965 232 2006 aurum
254 1956 345 2022 atque
367 1954 530 2022 argentum
544 1953 576 2005 et
591 1948 661 2018 alia,
677 1966 755 2024 quae
773 1950 874 2024 prima
889 1950 1002 2006 ducun-

121 2035 182 2098 tur,
199 2029 323 2084 domum
345 2029 461 2102 regiam
476 2035 675 2103 comportant.
700 2029 747 2086 Ibi
764 2030 836 2086 vino
857 2037 888 2087 et
902 2028 1003 2105 epulis

124 2108 242 2172 onerati
255 2107 366 2182 illaque
381 2118 410 2164 et
426 2108 550 2165 domum
565 2114 596 2165 et
610 2114 708 2166 semet
723 2110 787 2184 igni
797 2116 1002 2186 corrumpunt,

123 2194 157 2245 et
168 2205 244 2262 quas
259 2188 332 2244 victi
348 2187 386 2244 ab
402 2187 541 2246 hostibus
556 2206 672 2264 poenas
686 2195 867 2261 metuerant,
878 2207 931 2248 aas
945 2190 1003 2265 ipsi

122 2269 262 2343 volentes
276 2268 450 2343 pependere.
1019 2269 1056 2326 25
1124 2336 1127 2342 ¹

166 2349 210 2408 ll.
228 2347 287 2404 Sed
302 2348 414 2422 pariter
429 2365 496 2405 cum
511 2354 602 2425 capta
620 2347 719 2406 Thala
732 2349 829 2425 legati
840 2368 879 2407 ex
894 2350 1003 2426 oppido

123 2424 217 2502 Lepti
229 2427 268 2484 ad
284 2427 442 2485 Metellum
455 2435 602 2486 venerant
613 2436 744 2500 orantes
757 2431 802 2487 uti
817 2431 1003 2506 praesidium

122 2509 370 2583 praefectumque
385 2527 421 2566 eo
436 2509 589 2567 mitteret:
614 2509 823 2568 Hamilcarem
843 2511 1002 2586 quandam,

124 2587 278 2645 hominem
301 2589 440 2658 nobilem,
467 2589 637 2659 factiosum,
653 2591 741 2648 novis
761 2591 851 2648 rebus
873 2592 1013 2661 studere.

125 2668 290 2725 advorsum
303 2686 391 2743 quem
405 2687 501 2744 neque
511 2669 639 2744 imperia
654 2671 891 2745 magistratuum
906 2689 1003 2746 neque
1019 2672 1056 2729 30

124 2748 208 2822 leges
224 2749 380 2823 valerent;
402 2749 433 2805 ni
447 2749 479 2806 id
494 2750 661 2819 festinaret,
678 2751 711 2808 in
730 2769 849 2809 summo
871 2752 1004 2826 periculo

124 2845 212 2885 suam
229 2828 368 2900 salutem,
381 2829 502 2886 illorum
517 2831 617 2887 socios
632 2831 702 2888 fore.
746 2830 828 2887 Nam
844 2828 1004 2906 Leptitani

128 2910 192 2981 jam
215 2908 285 2966 inde
309 2927 328 2965 a
349 2909 496 2984 principio
520 2911 591 2968 belli
613 2911 795 2985 Jugurthini
812 2912 850 2968 ad
865 2912 1004 2968 Bestiam

124 2988 280 3045 consulem
289 2996 326 3046 et
339 2995 447 3064 postea
462 2989 595 3047 Romam
611 2991 758 3048 miserant
772 2992 938 3049 amicitiam
959 3009 1005 3048 so-

124 3069 327 3143 cietatemque
348 3075 498 3140 rogatum.
544 3070 671 3142 Deinde,
696 3071 747 3128 ubi
773 3090 809 3128 ea
831 3072 1002 3146 impetrata,
1019 3073 1056 3130 35

124 3166 244 3223 semper
259 3148 330 3206 boni
346 3149 508 3224 fidelesque
530 3168 669 3208 mansere
684 3158 715 3208 et
730 3159 838 3208 cuncta
853 3170 871 3208 a
887 3149 1000 3222 Bestia,

124 3229 240 3286 Albino
257 3228 441 3303 Metelloque
456 3231 607 3303 imperata
617 3249 695 3288 nave
707 3232 847 3289 fecerant.
892 3229 1001 3308 Itaque

124 3309 162 3366 ab
177 3310 359 3434 impbegapore
371 3309 457 3366 facile
469 3327 546 3385 quae
558 3311 704 3385 petebant
715 3311 824 3386 adepti.
862 3312 1002 3369 Emissae

279 3401 312 3434 a.
760 3410 766 3422 .
