2346 3718
360 197 406 245 nn
432 196 553 244 annno
578 195 840 244 Jueuanurno.
1025 181 1065 250 77

131 372 225 429 quam
248 361 368 430 tempus
390 355 499 425 visum,
522 354 632 411 castris
654 354 811 428 egreditur
832 361 1009 430 noctemque

131 440 231 491 totam
253 435 360 491 itinere
376 435 455 492 facto
479 434 635 507 consedit3
656 435 737 490 idem
758 451 905 509 proxuma
924 434 1012 509 saeit;

132 515 202 571 dein
225 517 317 572 tertia
335 515 431 572 multo
449 520 518 570 ante
539 515 615 572 lucis
635 515 800 571 adventum
819 516 960 588 pervenit
981 516 1013 572 in

132 595 233 652 locum
248 595 445 662 tumulosum,
457 595 495 650 ab
513 593 617 667 Capsa
630 612 691 651 non
703 594 835 669 amplius
849 595 943 652 duum
959 597 1012 652 mi-

132 675 207 732 lium
237 675 408 744 intervallo,
430 675 531 749 ibique
552 692 642 748 quam
671 674 884 732 occultissume
913 682 1015 750 potest
1049 681 1066 737 5

132 772 202 812 cum
218 757 359 812 omnibus
374 754 470 828 copiis
486 755 648 829 opperitur.
693 753 752 812 Sed
768 755 819 811 ubi
834 756 900 813 dies
915 757 1015 832 coepit

132 843 164 893 et
187 835 338 893 Numidae
361 835 436 892 nihil
463 833 574 891 hostile
596 840 769 891 metuentes
791 835 878 892 multi
901 837 1014 910 oppido

131 916 257 990 egressi,
274 923 395 990 repente
419 932 539 971 omnem
560 913 729 989 equitatum
744 920 775 971 et
791 932 858 971 eum
874 915 919 972 eis
934 916 1014 973 velo-

132 998 283 1054 cissumos
298 996 416 1071 pedites
430 1012 517 1052 eursu
530 995 653 1052 tendere
669 995 708 1051 ad
720 995 853 1070 Capsam
864 1001 897 1052 et
909 1003 1013 1071 portas

131 1077 271 1134 obsidere
288 1078 382 1150 jubet.
428 1075 544 1132 Deinde
554 1075 619 1149 ipse
630 1075 767 1132 intentus
781 1093 908 1150 propere
918 1077 1012 1151 sequi,
1030 1082 1066 1138 10

132 1175 231 1231 neque
247 1157 361 1214 milites
376 1156 514 1231 praedari
534 1155 640 1212 sinere.
686 1156 770 1229 Quae
786 1165 950 1231 postquam
966 1174 1016 1232 op·

131 1236 238 1312 pidani
258 1253 434 1312 cognovere,
451 1254 499 1293 res
523 1236 668 1310 trepidae,
686 1241 786 1292 metus
811 1236 929 1310 ingens,
954 1255 1015 1294 ma-

132 1318 195 1374 lum
216 1317 423 1391 improvisum,
436 1317 475 1374 ad
488 1317 543 1373 boc
563 1333 635 1393 pars
658 1315 771 1372 civium
786 1324 872 1374 extra
895 1319 1015 1374 moenia

132 1399 165 1454 in
177 1397 311 1454 bostium
318 1403 470 1473 potestate
481 1415 614 1472 coegere,
624 1396 669 1453 uti
681 1397 865 1454 deditionem
873 1399 1013 1456 facerent.

133 1478 278 1536 Ceterum
299 1479 442 1553 oppidum
464 1477 629 1546 incensum,
648 1476 801 1534 Numidae
824 1477 952 1551 puberes
974 1479 1016 1534 in·
1032 1483 1066 1540 15

131 1558 260 1629 terfecti,
283 1558 333 1614 alii
362 1575 467 1615 omnes
489 1575 602 1614 venum
627 1557 699 1627 dati,
724 1558 836 1632 praeda
866 1557 1015 1616 militibus

133 1638 242 1696 divisa.
287 1639 323 1695 ld
353 1639 470 1695 facinus
499 1644 605 1695 contra
630 1639 681 1712 jus
703 1639 773 1695 belli
797 1657 857 1695 non
882 1640 1014 1698 avaritia

132 1737 230 1793 neque
245 1719 356 1775 scelere
371 1719 504 1776 consulis
519 1718 697 1788 admissum,
710 1719 763 1776 sed
778 1720 850 1794 quia
868 1719 953 1778 locus
963 1720 983 1777 J
985 1739 1017 1778 n·

133 1799 263 1872 gurthae
279 1805 475 1873 opportunus,
493 1800 580 1856 nobis
596 1799 681 1856 aditu
698 1799 835 1870 difficilis,
853 1820 950 1876 genus
967 1802 1017 1859 ho-

133 1879 249 1935 minum
267 1881 386 1949 mobile,
402 1879 537 1958 infidum,
555 1887 625 1938 ante
643 1897 741 1956 nequo
758 1880 903 1939 beneficio
918 1901 1014 1958 neque
1031 1887 1068 1943 20

133 1966 217 2016 metu
233 1960 404 2019 coercitum.

176 2042 222 2098 92.
248 2040 416 2116 Postquam
437 2045 556 2098 tantam
580 2058 643 2098 rem
670 2039 791 2116 peregit
810 2041 928 2100 Marius
950 2043 1017 2101 sine

134 2119 327 2176 ullaauorum
343 2121 543 2190 incommodo,
551 2139 684 2196 magnus
694 2129 726 2180 ct
742 2123 1018 2194 clarusantea,ma

136 2201 186 2273 jor
208 2207 299 2274 atque
321 2201 429 2257 clarior
450 2200 553 2258 haberi
574 2202 680 2276 coepit.
728 2201 839 2260 Omnia
860 2222 919 2262 non
941 2205 1016 2262 bene

133 2280 274 2337 consulta
289 2281 321 2336 in
337 2282 481 2338 virtutem
497 2282 715 2356 trahebantur3
738 2283 859 2354 milites,
877 2285 1015 2343 modesto
1032 2289 1069 2345 25

133 2360 261 2434 imperio
277 2360 382 2430 habiti,
396 2362 486 2417 simul
502 2369 532 2420 et
547 2362 723 2438 locupletes,
736 2365 774 2421 ad
789 2365 905 2420 caelum
923 2366 1016 2440 ferre3

133 2440 288 2497 Numidae
308 2442 408 2516 magis
423 2461 514 2516 quam
536 2444 696 2500 mortalem
717 2443 840 2517 timere;
863 2451 1017 2519 postremo

136 2539 250 2589 omnes,
267 2522 341 2578 socii
362 2529 453 2597 atque
473 2523 586 2593 hostes
605 2524 725 2581 credere
749 2525 793 2580 illi
809 2530 864 2581 aut
884 2532 1017 2583 mentem

134 2601 273 2658 divinam
288 2620 355 2660 esse
367 2609 419 2660 aut
428 2603 553 2661 deorum
566 2610 642 2661 nutu
653 2606 918 2679 cunctaportendi,
956 2606 1017 2664 Sed

134 2681 248 2750 consul,
262 2683 313 2738 ubi
329 2701 365 2739 ea
380 2700 429 2740 res
447 2685 521 2741 bene
533 2685 644 2754 evcnit,
657 2685 695 2741 ad
708 2685 768 2742 alia
780 2685 891 2760 oppida
905 2687 1015 2761 pergit,
1032 2691 1069 2746 30

133 2778 232 2836 pauca
250 2763 494 2837 repugnantibus
517 2765 660 2822 Numidis
676 2765 767 2839 capit,
784 2765 880 2840 plura,
897 2767 1018 2824 deserta

134 2848 258 2916 propter
270 2843 470 2918 Capsensium
487 2845 636 2915 miserias,
648 2846 713 2919 igni
728 2846 910 2920 corrumpit;
932 2846 1016 2903 luctu

135 2928 227 2994 atquc
249 2925 340 2981 caede
370 2925 472 2981 omnia
501 2926 698 2999 complentur.
744 2925 883 3000 Denique
911 2926 1017 2983 multis

134 3001 209 3058 locis
223 3004 350 3077 potitae,
369 3022 403 3062 ac
418 3005 568 3080 plerisque
583 3006 717 3062 exercitu
739 3005 906 3076 incruento,
924 3007 1015 3062 aliam

134 3099 197 3138 rem
214 3085 406 3158 aggreditur,
425 3104 485 3142 non
500 3085 605 3141 eadem
629 3086 792 3161 asperitate
808 3104 868 3160 qua
884 3085 1017 3160 Capsen-
1032 3089 1068 3145 35

134 3162 223 3230 sium,
233 3170 365 3221 ceterum
380 3164 461 3223 haud
473 3182 561 3222 secus
571 3165 731 3223 difficilem.
776 3165 917 3242 Namque
933 3166 1015 3223 haud

134 3242 225 3316 longe
236 3261 254 3300 a
265 3244 388 3302 flumine
400 3245 555 3316 Mulucha,
564 3247 647 3321 quod
657 3246 677 3303 J
680 3245 830 3318 ugurthae
842 3245 1015 3321 Bocchique

134 3340 264 3396 regnum
285 3325 488 3399 disjungebat,
512 3331 578 3383 erat
602 3327 681 3382 inter
702 3331 833 3382 ceteram
854 3326 1014 3399 planitiem

133 3419 223 3459 mons
244 3421 363 3474 saxeus,
381 3404 523 3462 mediocri
538 3404 663 3461 castello
685 3404 762 3460 satis
782 3409 899 3479 patene,
914 3405 947 3460 in
962 3405 1015 3459 in»
