2346 3718
388 159 434 206 nn
459 157 581 205 nanno
606 157 867 207 ruaunrnmo.
1052 149 1094 212 23

156 317 182 377 J
184 318 359 393 ugurtham,
375 317 527 376 beneficiis
541 318 605 375 suis
619 324 705 376 ratus
720 325 768 376 est
782 322 974 394 conjunctum
990 341 1041 379 no·

157 399 209 455 bis
220 400 291 456 fore.
336 399 425 456 Alter
438 416 542 458 eorum
557 406 683 456 necatus
694 405 750 471 est,
765 400 890 457 alterius
905 401 969 476 ipse
982 421 1038 476 ego

157 497 269 535 manns
281 479 392 552 impias
403 479 562 552 vixeffugi.
595 479 677 553 Quid
687 498 776 553 agam
788 479 800 538 i
837 481 903 537 Aut
914 500 973 556 quo
989 501 1039 556 po-

157 559 324 616 tissumum
340 559 445 616 infelix
466 558 627 616 accedam?
671 560 797 618 Generis
811 562 963 635 praesidia
977 580 1038 618 om-

158 641 213 697 nia
226 640 377 696 exstincta
391 645 478 713 sunt;
499 647 596 716 pater,
613 640 658 697 uti
680 658 802 698 necesse
817 647 892 712 erat,
909 648 1036 699 naturae
1073 647 1090 702 5

157 719 325 793 eoncessit3
349 719 443 789 fratri,
460 738 548 795 quem
569 720 704 777 minume
724 721 832 790 decuit,
848 722 1037 798 propinquus

157 818 213 876 per
221 800 319 856 scelus
332 800 428 856 vitam
439 801 567 876 eripuit3
584 799 707 872 adfines,
717 801 839 872 amicos,
850 802 1038 877 propinquos

157 887 276 938 ceteros
298 898 382 937 meos
404 880 497 937 alium
513 881 574 937 alia
587 881 690 938 clades
712 882 880 958 oppressit:
902 882 984 957 capti
998 883 1038 940 ab

156 960 316 1035 Jugurtha
335 979 407 1036 pars
428 961 459 1016 in
480 979 599 1018 crucem
621 961 689 1031 acti,
705 980 776 1037 pars
797 962 904 1019 bestiis
928 963 1037 1036 objecti

157 1047 248 1114 sunt3
269 1042 488 1116 pensionibus
503 1042 609 1098 relicta
622 1047 670 1098 est
681 1043 789 1120 anima,
802 1043 898 1099 clausi
912 1043 944 1099 in
958 1049 1039 1100 teue—
1054 1045 1090 1102 10

156 1122 222 1179 bris
242 1139 312 1179 cum
333 1140 468 1178 maerore
488 1127 519 1180 et
541 1123 624 1179 luctu
639 1129 736 1179 morte
751 1123 923 1196 graviorem
941 1124 1037 1180 vitam

157 1203 293 1276 exigunt.
338 1201 371 1260 Si
393 1204 504 1270 omnia,
521 1221 599 1278 quae
621 1208 675 1259 aut
697 1203 786 1259 amisi
808 1209 863 1260 aut
877 1220 914 1260 ex
936 1221 1038 1260 neces-

158 1283 385 1340 sariisadvorsa
395 1283 476 1340 facta
487 1289 567 1352 sunt,
575 1283 739 1340 incolumia
750 1289 915 1352 manerent,
923 1288 1035 1354 tamen,

158 1363 268 1438 siquid
279 1381 317 1418 ex
330 1361 580 1437 improviso'mali
588 1363 757 1431 accidisset,
765 1381 822 1420 vos
834 1363 1034 1438 implorarem,

157 1450 261 1519 patres
283 1443 452 1519 conscripti,
473 1444 583 1519 quibus
611 1461 665 1519 pro
687 1443 898 1516 magnitudine
926 1443 1089 1519 imperiii>

157 1527 209 1598 jus
229 1530 261 1580 et
274 1523 399 1596 injurias
419 1542 525 1580 omnes
540 1541 628 1581 curae
644 1541 710 1580 esse
726 1523 820 1580 decet.
865 1523 954 1580 Nunc
965 1542 1036 1582 vero

157 1605 245 1661 exsul
266 1603 372 1679 patria,
395 1604 494 1674 domo,
515 1604 598 1661 solus
621 1609 712 1679 atque
734 1603 869 1660 omnium
898 1603 1038 1662 honesta

158 1702 225 1740 rum
241 1701 341 1740 rerum
355 1703 459 1758 egens,
471 1703 530 1760 quo
547 1685 687 1742 accedam
703 1689 757 1740 aut
771 1702 847 1759 quos
863 1683 1035 1759 appellem?

158 1765 348 1822 Nationesne
370 1783 408 1821 an
430 1783 526 1839 reges,
547 1765 598 1840 qui
621 1783 726 1822 omnes
755 1764 889 1822 familiae
911 1771 1033 1822 nostrae

158 1846 196 1902 ob
212 1851 347 1901 vostram
369 1845 535 1902 amicitiam
552 1845 654 1902 infesti
670 1843 764 1902 sunt?
807 1843 859 1903 An
881 1863 1034 1921 quoquam
1051 1848 1089 1904 20

157 1924 233 1982 mihi
248 1924 329 1982 adire
350 1925 429 1994 licet,
445 1927 498 1983 ubi
517 1944 578 1983 non
599 1927 746 2000 majorum
762 1942 898 1982 meorum
913 1924 1037 1983 hostilia

157 2011 354 2063 monumenta
374 2006 514 2080 pluruma
534 2004 618 2064 sint?
661 2004 728 2062 Aut
754 2005 915 2080 quisquam
940 2006 1036 2063 nostri

157 2085 293 2142 misereri
320 2091 431 2161 potest,
446 2087 498 2161 qui
519 2086 683 2160 aliquando
709 2086 798 2142 vobis
826 2084 925 2143 hostis
953 2084 1035 2144 fuiti

158 2165 319 2223 Postremo
343 2165 511 2223 Masinissa
531 2183 588 2224 nos
610 2167 654 2224 ita
674 2165 818 2236 instituit,
842 2172 947 2241 patres
969 2184 1037 2223 con·

156 2246 271 2321 scripti,
286 2261 323 2302 ne
338 2263 427 2320 quem
441 2246 607 2303 coleremus
622 2246 682 2302 nisi
695 2246 841 2323 populum
850 2245 1034 2318 Romanum,
1051 2247 1087 2304 25

156 2345 194 2383 ne
209 2327 378 2392 societates
395 2343 432 2382 ne
446 2326 566 2383 foedera
581 2345 663 2384 nova
681 2327 901 2401 acciperemus;
915 2326 1035 2383 abunde

155 2424 269 2480 magna
289 2407 440 2480 praesidia
465 2407 552 2464 nobis
576 2406 607 2464 in
628 2413 734 2464 vostra
753 2405 888 2463 amicitia
908 2405 986 2464 fore:
1008 2407 1034 2462 si

125 2560 128 2564 ι
156 2486 226 2544 huic
247 2487 374 2561 imperio
395 2487 519 2544 fortuna
546 2493 722 2556 mutaretur,
745 2504 808 2543 uua
836 2486 1034 2543 occidendum

155 2567 243 2624 nobis
263 2584 340 2623 osse.
383 2566 508 2624 Virtute
524 2568 621 2624 aedis
637 2567 810 2624 volentibus
829 2566 935 2640 magni
958 2567 1035 2624 estis

154 2655 186 2704 et
201 2647 336 2722 opulenti
349 2667 356 2720 ;
371 2647 473 2704 omnia
487 2648 622 2705 secunda
634 2655 666 2704 et
677 2646 850 2704 obedientia
860 2651 951 2704 sunt:
974 2665 1034 2722 quo
1049 2650 1088 2704 30

155 2728 277 2785 facilius
311 2727 461 2784 sociorum
494 2728 619 2802 injurias
648 2745 752 2784 curare
780 2726 857 2783 licet.
901 2725 1034 2783 Tantum

155 2808 231 2865 illud
260 2825 373 2877 vereor,
390 2825 427 2864 ne
450 2825 526 2882 quos
554 2808 676 2883 privata
702 2807 836 2864 amicitia
860 2804 1034 2880 iugurthae

154 2905 262 2964 parum
285 2888 410 2963 cognita
431 2893 626 2945 transvorsos
656 2891 739 2962 agat,
755 2904 832 2962 quos
860 2903 919 2961 ego
945 2887 1034 2944 audio

155 2987 300 3025 maxuma
328 2987 383 3043 ope
412 2968 478 3038 niti,
506 2969 627 3038 ambire,
650 2968 779 3041 fatigare
805 2984 861 3024 vos
887 2967 1033 3040 singulos

156 3049 288 3124 nequid
311 3048 347 3104 de
370 3049 495 3105 absente
517 3048 673 3122 incognita
697 3066 790 3105 causa
815 3047 968 3117 statuatis,
985 3047 1035 3103 lin-
1050 3047 1087 3104 35

156 3147 226 3203 gere
252 3147 300 3185 me
326 3130 419 3185 verba
443 3134 474 3186 et
498 3129 603 3203 fugam
624 3128 777 3197 simulare,
800 3125 849 3184 cui
871 3126 990 3184 licuerit
1004 3127 1035 3183 in

156 3227 251 3284 regno
273 3227 402 3266 manere.
447 3209 535 3282 Quod
556 3209 674 3265 utinam
703 3208 799 3276 illum,
828 3208 912 3280 cujus
940 3207 1035 3282 impio

156 3291 287 3348 facinore
303 3290 336 3348 in
350 3289 406 3346 has
421 3289 559 3346 miserias
573 3290 723 3363 projeetus
738 3305 814 3355 sum,
830 3287 935 3342 eadem
962 3287 1036 3344 haec

156 3371 351 3429 simulantem
366 3369 496 3440 videam,
511 3374 544 3426 et
558 3367 722 3441 aliqnando
745 3372 800 3423 aut
814 3366 895 3439 apud
910 3383 966 3422 vos
982 3371 1035 3422 aut
1120 3370 1122 3374 ’
