2346 3718
95 169 136 232 32
373 185 402 231 e.
419 185 601 232 sannosrr
627 185 749 233 oa1s1²1

149 340 312 398 inviolatos
325 359 391 398 sese
409 342 480 414 fore,
492 341 661 400 Adherbali
677 344 815 414 suadent,
829 345 874 402 uti
890 363 982 419 seque
996 355 1033 403 et

150 421 294 495 oppidum
305 423 326 479 J
330 422 478 496 ugurthae
495 424 597 479 tradat
612 443 618 496 ;
640 429 760 480 tanturn
772 426 853 482 abeo
864 426 961 482 vitam
977 444 1032 500 pa·

150 503 298 574 eiscatur;
320 503 357 558 de
375 503 484 559 ceteris
500 503 619 560 senatui
635 521 724 561 curae
740 505 809 561 fore.
854 505 899 563 At
915 506 973 575 ille,
986 516 1033 562 ta—

149 583 240 638 metsi
262 583 363 638 omnia
377 583 499 658 potiora
514 583 572 639 fide
589 583 764 658 iugurthae
780 585 909 652 rebatur,
925 591 1032 642 tamen

117 662 221 736 dquia
242 680 335 738 penes
356 664 488 731 eosdem,
512 664 537 719 si
567 663 793 734 adversaretur,
816 666 949 738 cogundi
979 685 1032 740 po-

150 749 246 799 testas
268 749 343 811 erat,
366 743 418 813 ita,
436 743 481 800 uti
504 751 688 800 censuerant
709 744 819 814 Italici,
843 744 1029 801 deditionem

150 823 230 880 facit.
274 823 294 879 J
297 823 430 898 ugurtha
442 823 472 880 in
485 823 592 897 primis
603 824 810 880 Adherbalem
820 825 1030 882 excruciatum

150 910 246 972 nocet,
264 903 371 960 deinde
394 921 498 960 omnes
516 904 645 978 puberes
661 904 813 961 Numidas
833 910 923 979 atque
940 923 1032 980 nego-

150 985 276 1040 tiatores
285 984 463 1058 promiscue,
476 985 520 1041 uti
530 986 658 1060 quisque
669 985 795 1042 armatis
803 985 910 1042 obvius
920 985 1029 1057 fuerat,

98 1066 134 1122 10
150 1063 298 1121 interficit.

85 1173 89 1180 ·
191 1145 236 1204 21.
263 1145 352 1217 Quod
373 1151 535 1219 postquam
551 1145 668 1202 Romae
691 1146 847 1220 cognitum
864 1151 917 1216 est,
934 1151 965 1203 et
979 1163 1030 1203 res

149 1225 181 1282 in
197 1232 304 1282 senatu
320 1225 430 1300 agitari
447 1227 666 1301 coaptandam
684 1226 728 1282 illi
743 1226 874 1282 ministri
889 1227 971 1300 regis
986 1227 1031 1282 in-

150 1306 337 1380 terpellando
360 1323 394 1362 ac
416 1323 506 1380 saepe
529 1307 637 1380 gratia,
661 1307 813 1364 interdum
837 1307 948 1380 jurgiis
969 1315 1030 1364 tra-

150 1386 249 1442 hendo
271 1393 398 1462 tempus
416 1386 610 1442 atrocitatem
634 1387 705 1442 facti
728 1387 889 1442 leniebant.
934 1387 981 1444 Ae
996 1387 1029 1443 ni

99 1471 134 1527 15
151 1466 184 1524 O.
201 1466 364 1523 Memmius
385 1467 526 1523 tribunus
549 1467 645 1540 plebis
674 1467 862 1540 designatus,
887 1466 933 1523 vir
961 1485 1030 1524 acer

149 1552 181 1603 et
195 1547 324 1603 infestus
339 1547 493 1622 potentiae
506 1547 685 1616 nobilitatis,
696 1548 841 1622 populum
852 1547 1028 1604 Romanum

149 1627 321 1684 edocuisset
335 1627 366 1684 id
382 1627 441 1700 agi,
455 1633 490 1682 ut
504 1644 683 1702 perpaucos
698 1627 843 1683 factiosos
852 1626 1028 1701 Jugurthae

150 1707 248 1764 scelus
270 1708 501 1775 condonaretur,
518 1708 653 1782 profecto
676 1707 773 1763 omnis
796 1707 915 1764 invidia
931 1707 1029 1781 prola-

150 1787 252 1844 tandis
267 1787 541 1844 consultationibus
558 1788 678 1861 dilapsa
688 1788 782 1845 foret:
805 1793 893 1844 tanta
904 1787 951 1843 vis
962 1806 1030 1862 gra·

97 1873 134 1928 20
149 1868 208 1924 tiae
231 1875 320 1943 atque
342 1867 489 1943 pecuniae
514 1869 595 1941 regis
623 1874 697 1925 erat.
741 1867 801 1925 Sed
823 1867 873 1923 ubi
903 1874 1029 1925 senatus

149 1949 252 2006 delicti
273 1948 457 2006 conscientia
480 1949 624 2022 populum
646 1948 741 2018 timet,
758 1947 824 2022 lege
847 1945 1029 2021 Sempronia

148 2029 321 2104 provinciae
344 2028 454 2085 futuris
470 2029 646 2085 oonsulibus
663 2027 813 2084 Numidia
829 2032 920 2101 atque
936 2029 1030 2086 Italia

149 2110 300 2181 decretae3
316 2109 455 2166 consules
467 2109 610 2166 declarati
622 2108 656 2164 P.
668 2107 767 2182 Scipio
778 2107 900 2176 Nasica,
912 2107 947 2164 L.
957 2108 1030 2165 Bes·

147 2191 193 2248 tia
209 2190 409 2266 Calpurnius:
434 2189 599 2264 Calpurnio
616 2188 771 2258 Numidia,
785 2187 920 2261 Scipioni
935 2188 1028 2246 Italia

96 2274 133 2330 25
149 2271 282 2328 obvenit.
327 2269 445 2327 Deinde
468 2271 627 2338 exercitus,
644 2269 697 2343 qui
720 2269 751 2324 in
767 2267 903 2325 Africam
925 2275 1026 2344 porta-

148 2357 247 2420 retur,
255 2351 397 2408 scribitur
410 2370 416 2423 ;
439 2351 625 2425 stipendium
640 2349 761 2424 aliaque
777 2366 853 2424 quae
863 2348 943 2405 bello
958 2349 1029 2406 usui

148 2433 255 2501 forent,
271 2432 482 2489 decernuntur.

188 2512 233 2568 28.
258 2512 303 2569 At
323 2511 489 2584 Jugurtha,
518 2515 624 2566 eontra
654 2526 740 2584 spem
762 2509 871 2566 nuntio
893 2515 1026 2584 accepta,

149 2591 259 2667 quippe
281 2591 329 2649 cui
351 2592 469 2648 Romae
486 2589 586 2646 omnia
601 2609 713 2647 venum
734 2590 777 2646 ire
794 2590 824 2646 in
841 2589 942 2647 animo
958 2590 1026 2647 hae-

95 2677 132 2732 30
149 2679 240 2742 serat,
254 2671 348 2728 filium
369 2677 401 2728 et
422 2689 489 2729 curn
504 2689 540 2728 eo
556 2671 633 2728 duos
649 2671 815 2727 familiares
830 2671 867 2726 ad
883 2676 1024 2726 senatum

148 2754 267 2827 legatos
288 2753 392 2820 mittit,
408 2753 521 2826 eisque,
538 2752 583 2808 uti
605 2750 675 2821 illis,
693 2769 769 2825 quos
785 2749 963 2825 Hiempsale
984 2750 1028 2806 in-

146 2833 273 2890 terfecto
288 2833 421 2903 miserat,
437 2831 593 2908 praecipit,
611 2848 715 2887 omnes
738 2830 883 2888 mortales
897 2831 1027 2905 pecunia

149 2913 375 2989 aggrediantur.
414 2913 473 2987 Qui
483 2919 645 2987 postquam
662 2910 794 2968 Romam
807 2910 1025 2981 adventabant,

148 3001 273 3051 senatus
296 3013 314 3050 a
334 2994 441 3050 Bestia
462 2992 620 3050 consultus
642 2997 697 3060 est,
715 2991 886 3064 placeretne
908 2990 1026 3065 legatos

94 3079 131 3135 35
147 3075 334 3149 iugurthae
351 3073 443 3148 recipi
468 3073 636 3141 moenibus,
666 3071 746 3145 iique
776 3070 943 3140 decrevere,
966 3071 1026 3128 nisi

148 3173 278 3228 regnum
299 3154 460 3230 ipsumque
477 3153 612 3208 deditum
629 3153 795 3220 venissent,
813 3150 858 3207 uti
873 3150 904 3206 in
919 3151 1027 3208 diebus

148 3235 305 3308 proxumis
334 3234 437 3289 decern
467 3232 560 3288 Italia
589 3231 774 3287 decederent.
820 3229 935 3288 Consul
964 3230 1028 3288 Nu-

147 3313 239 3370 midis
251 3333 288 3370 ex
300 3319 425 3370 senatus
441 3311 561 3367 decreto
577 3309 711 3366 nuntiari
721 3310 826 3383 jubet:
848 3310 892 3365 ita
907 3310 1028 3367 infectis

149 3394 240 3449 rebus
261 3393 303 3448 illi
331 3392 455 3448 domum
478 3389 650 3446 discedunt.
691 3388 820 3446 Interim
844 3388 1028 3464 Calpurnius

1155 359 1163 892 l

1155 925 1163 1444 Ι

1155 1487 1163 2028 Ι
