2322 3718
340 171 387 218 nu
412 169 535 216 nanno
561 165 820 215 Juouarmxo
1007 149 1049 214 83

115 347 150 388 ac
170 329 262 404 paulo
284 334 355 386 ente
378 346 484 385 somno
506 327 613 403 ceptis,
629 327 667 384 de
687 324 854 400 improviso
876 323 994 398 vigiles,

115 411 191 466 item
212 409 390 478 cohortium,
406 416 586 478 turmarum,
609 406 763 481 legionum
785 405 937 462 tubicines
960 405 996 460 si-

116 491 178 546 mul
200 507 304 546 omncs
325 490 415 564 signa
435 505 552 557 cancre,
569 488 681 544 milites
706 486 868 542 clamorem
891 484 997 541 tollere

116 577 207 644 atquc
229 570 325 644 portis
347 586 512 644 erumpere.
557 567 660 624 Mauri
683 572 773 640 atque
801 565 931 634 Gaetuli,
955 567 998 640 ig-

117 656 190 706 noto
204 654 237 705 et
253 649 387 706 horribili
404 649 508 705 sonitu
528 654 651 723 repente
667 646 766 717 exciti,
782 664 879 722 neque
895 646 998 720 fugere
1033 647 1050 703 5

117 747 215 804 neque
223 747 420 803 armacapere
428 746 526 804 neque
535 727 660 785 omnino
672 727 769 784 facere
780 727 999 802 autprovidere

120 811 282 886 quicquam
304 814 460 884 poterant:
484 809 528 865 ita
550 815 677 865 cunctos
703 807 842 882 strepitu,
858 808 998 878 clamore,

118 889 201 946 nullo
218 889 427 960 subveniente,
444 889 561 946 nostris
577 888 774 957 instantibus,
785 889 927 957 tumultu,
945 888 1000 944 for-

118 969 241 1040 midine,
268 975 391 1040 tcrrore,
414 969 504 1044 quasi
526 968 668 1025 vecordia
692 976 820 1044 ceperat.
863 968 999 1043 Denique

118 1066 226 1107 omncs
247 1049 307 1106 fusi
328 1049 504 1124 fugatique;
526 1066 612 1106 arma
626 1054 657 1106 et
672 1048 760 1122 signa
780 1048 925 1105 militaria
940 1049 1001 1123 ple·
1017 1049 1053 1102 10

117 1148 212 1206 reque
241 1136 340 1206 capta,
361 1130 522 1205 pluresque
550 1147 586 1186 eo
608 1129 724 1203 proelio
746 1147 838 1203 quam
860 1130 1000 1186 omnibus

117 1210 326 1285 superioribus
346 1209 533 1285 interempti.
575 1208 657 1268 Nam
678 1227 785 1267 somno
805 1215 836 1267 et
855 1216 939 1266 metu
959 1209 1002 1265 in-

118 1291 213 1362 solito
227 1290 374 1366 impedite
389 1291 471 1365 fuga.
989 1315 991 1322 ⁴

160 1372 225 1428 100.
249 1371 326 1428 Dein
348 1369 475 1440 Marius,
491 1369 537 1428 uti
553 1375 700 1445 coeperat,
716 1369 748 1426 in
768 1369 897 1427 hiberna
917 1369 1002 1445 proli·

118 1451 253 1520 ciscitur,
270 1469 347 1526 quae
362 1456 486 1526 propter
507 1458 709 1508 commeatum
731 1450 763 1506 in
778 1450 896 1525 oppidis
917 1450 1054 1510 mari-15

119 1530 217 1588 tumis
246 1548 334 1605 agere
363 1529 547 1588 decreverat.
605 1529 713 1606 Neque
742 1536 845 1588 tamen
874 1531 1002 1587 victoria

118 1627 223 1668 socors
239 1618 290 1667 aut
304 1611 440 1668 insolens
455 1611 563 1682 factus,
581 1611 634 1668 sed
649 1611 762 1685 pariter
783 1617 874 1684 atque
890 1611 922 1667 in
936 1629 1003 1668 con-

119 1690 385 1766 spectuhostium
413 1692 562 1767 quadrato
585 1691 706 1765 agmine
728 1691 873 1749 incedere.
918 1691 1002 1748 Sulla

119 1787 189 1827 cum
209 1770 346 1845 equitatu
370 1771 451 1846 apud
472 1772 642 1841 dextumos,
664 1771 696 1827 in
717 1771 842 1828 sinistra
862 1777 948 1846 parte
963 1771 1001 1828 A.

119 1850 256 1907 Manlius
277 1868 346 1907 cum
369 1851 573 1909 funditoribus
594 1857 626 1908 et
648 1851 825 1926 sagittariis,
847 1856 1003 1926 praeterea
1018 1859 1055 1915 20

119 1930 261 1987 cohortes
277 1929 427 2004 Ligurum
443 1932 584 2005 curabat3
606 1932 720 2009 primos
732 1938 763 1988 et
774 1939 924 1990 extremos
934 1949 1002 1988 cum

118 2009 271 2086 expeditis
292 2012 625 2087 manipulis'tribunos
646 2013 818 2085 locaverat3
847 2012 1001 2104 perfugae,

120 2091 255 2148 minume
270 2091 332 2149 cari
347 2098 378 2150 et
394 2092 551 2167 regionum
567 2092 1003 2162 scientissumi,h0st1umrtcr

120 2172 327 2246 explorabant.
374 2171 471 2229 Simul
493 2173 606 2254 consul,
628 2173 716 2249 quasi
743 2173 856 2231 nullo'
847 2173 1000 2248 imposito,

120 2252 225 2308 omnia
238 2252 406 2326 providere,
424 2252 504 2329 apud
520 2245 626 2310 omnes
640 2254 756 2323 adesse,
771 2253 895 2311 laudare
910 2260 942 2310 et
961 2251 1003 2308 in·
1018 2260 1055 2317 25

120 2350 242 2406 crepare
263 2339 423 2389 merentes.
467 2333 537 2409 Ipse
553 2340 690 2391 armatus
708 2334 912 2408 intentusque,
928 2334 1000 2390 item

120 2411 234 2469 milites
263 2413 409 2486 cogebat3
446 2430 543 2488 neque
573 2431 660 2472 secus
689 2421 780 2488 atque
808 2414 867 2471 iter
894 2414 1001 2485 lacere,

120 2497 221 2549 castra
235 2493 361 2563 munire,
371 2493 491 2550 excubit
479 2499 544 2550 tum
560 2494 590 2550 iu
605 2501 710 2569 portas
723 2493 828 2552 cohort
816 2501 863 2552 tes
877 2513 915 2552 ex
929 2495 1003 2570 legi-

121 2571 238 2642 onibus
255 2590 309 2648 pro
324 2573 435 2630 castris
450 2574 568 2649 equites
584 2575 761 2632 auxiliarios
775 2575 895 2632 mittere
899 2593 1003 2669 ‚prae-

119 2658 204 2708 tcrea
219 2652 295 2709 alios
311 2669 402 2728 super
417 2654 555 2710 vallum
546 2672 578 2711 rn
593 2655 789 2712 munimentis
805 2621 913 2725 locere,
926 2656 1003 2731 vigi·
1016 2662 1054 2718 30

118 2730 214 2788 lias
207 2749 272 2824 ipse
300 2733 467 2805 circumire,
492 2751 552 2792 non
579 2740 643 2791 tam
672 2735 838 2793 diffidentia
866 2737 999 2793 futurum

119 2829 197 2885 quae
216 2812 436 2887 imperavisset,
453 2832 545 2888 quam
569 2814 614 2871 uti
637 2815 788 2872 militibus
812 2825 1001 2892 exaequatus

120 2909 190 2947 cum
218 2891 400 2966 imperatore
425 2893 510 2950 labor
531 2895 704 2952 volentibus
731 2902 820 2955 esset.
801 2897 906 2954 tEt
928 2915 1000 2955 sane

119 2969 241 3028 Marius
255 2971 367 3065 illoque
389 2973 516 3048 aliisque
531 2976 718 3050 temporibus
731 2977 915 3052 Jugurthini
929 2977 999 3035 belli

120 3050 237 3124 pudore
250 3053 448 3145 magisquam
460 3053 542 3110 malo
554 3055 717 3114 exercitum
729 3059 902 3117 coercebat.
918 3058 999 3132 quod
1015 3061 1052 3118 35

117 3130 208 3186 multi
185 3136 285 3205 tper
306 3132 411 3188 ambit
390 3139 504 3189 tionem
527 3132 590 3190 fieri
613 3135 744 3206 aiebant,
767 3157 847 3213 pars,
870 3138 952 3212 quod
982 3157 1000 3195 a

116 3211 250 3302 pueritia
280 3219 455 3268 consuetam
479 3213 621 3270 duritiam
649 3222 680 3271 et
707 3184 775 3287 alia,
805 3235 885 3308 quae
906 3218 999 3274 ceteri

116 3287 259 3346 miserias
286 3297 407 3362 vocant,
429 3292 581 3367 voluptati
608 3293 777 3354 habuisset:
805 3296 865 3352 nisi
893 3301 999 3354 tamen
