2322 3718
394 12 477 56 serr?
513 1 676 47 ''2‡'·'²“ia¹2
707 7 812 60 Qu),

105 148 167 212 128
396 164 426 210 c.
443 161 625 210 sannusm
651 163 774 212 omem

157 321 254 396 gloria
267 321 337 378 belli
354 320 460 381 Gallos
484 327 554 379 ante
573 321 730 379 Romanos
744 321 846 380 fuisse.
892 321 942 380 Ac
965 324 1043 382 mihi
1147 341 1148 356 ¹

157 402 255 458 multa
277 402 407 476 agitanti
429 404 597 472 constabat,
623 421 789 478 paucorum
811 401 928 460 civium
956 422 1041 478 egre-

62 539 63 542 ,
158 482 240 555 giam
255 483 400 538 virtutem
420 489 529 539 cuncta
543 483 723 556 patravisse,
740 501 834 556 eoque
850 483 978 552 factum,
996 476 1043 540 uti

158 562 283 619 divitias
293 568 466 636 paupertas
480 563 708 619 multitudinem
720 563 860 637 paucitas
870 569 1036 638 superaret.

125 644 142 698 5
160 641 219 698 Sed
240 647 402 715 postquam
424 641 497 699 luxu
519 648 610 717 atque
626 643 749 700 desidia
769 643 880 698 civitas
896 650 1040 719 corrupta

159 727 214 792 est,
231 738 335 778 rursus
357 739 406 778 res
427 721 549 797 publica
568 722 779 796 magnitudine
799 739 855 778 sua
877 722 1040 798 imperato

156 819 223 858 rum
235 807 325 875 atque
338 801 574 875 magistratuum
582 802 657 858 vitia
672 801 875 871 sustentabat,
888 820 932 872 ao,
946 803 1037 859 sicuti

157 882 246 938 effeta
260 887 392 956 parente,
406 881 512 938 multis
523 881 758 956 tempestatibus
773 881 856 939 haud
872 899 946 940 sane
957 883 1038 957 quis-

156 980 248 1036 quam
271 961 389 1018 Ronlae
412 961 523 1017 virtute
544 979 674 1036 magnus
697 961 763 1018 fuit.
807 960 868 1018 Sed
889 963 1039 1018 memoria

108 1043 144 1098 10
161 1059 228 1098 mea
242 1041 360 1114 ingenti
374 1041 495 1111 virtute,
506 1041 638 1098 divorsis
652 1041 789 1098 moribus
803 1041 887 1097 fuere
897 1043 955 1098 viri
966 1043 1035 1112 duo,

158 1121 201 1178 M.
219 1121 298 1179 Cato
313 1125 344 1178 et
360 1119 392 1178 O.
411 1120 538 1178 Caesar:
561 1139 637 1196 quos
652 1121 795 1195 quoniam
810 1137 858 1176 res
873 1121 1036 1192 obtulerat,

158 1201 280 1258 silentio
294 1200 457 1275 praeterire
473 1219 533 1257 non
544 1200 601 1257 fuit
611 1201 779 1270 consilium,
791 1201 866 1275 quin
880 1201 1037 1277 utriusque

158 1287 296 1337 naturam
317 1285 348 1337 et
368 1298 476 1352 mores,
499 1286 646 1356 quantum
668 1280 792 1354 ingenio
814 1298 948 1356 possem,
971 1301 1038 1358 ape-

158 1379 256 1419 mrem.
283 1412 286 1421 ,
393 1371 399 1385 ”

106 1446 141 1502 15
198 1444 244 1499 54.
260 1440 361 1516 Igitur
373 1441 417 1499 eis
427 1459 534 1515 genus,
542 1450 636 1512 actas,
644 1441 920 1518 eloquentiaprope
928 1458 1038 1518 acqua-
1138 1451 1146 1469 ‘

157 1520 198 1578 lia
226 1522 317 1592 fuere,
343 1521 525 1595 magnitudo
552 1522 645 1578 animi
665 1539 728 1596 par,
750 1522 824 1578 item
849 1522 958 1596 gloria,
983 1523 1036 1580 scd

159 1601 218 1658 alia
240 1600 299 1658 alii.
338 1600 452 1658 Caesar
466 1601 619 1658 beneficiis
635 1619 669 1658 ac
683 1601 890 1660 munificentia
904 1621 1036 1677 magnus

158 1680 335 1750 habebatur,
350 1681 528 1755 integritate
549 1681 631 1738 vitae
655 1680 741 1741 Cato.
784 1682 841 1740 Ille
862 1689 1037 1739 mansuetu-

158 1761 227 1817 dine
249 1765 279 1816 et
300 1761 508 1818 misericordia
529 1761 629 1819 clarus
658 1762 765 1832 factus,
788 1762 858 1820 huic
887 1763 1036 1820 severitas

106 1846 143 1902 20
158 1840 342 1915 dignitatem
368 1839 533 1900 addiderat.
579 1841 693 1900 Caesar
714 1843 824 1913 danda,
837 1843 1035 1913 sublevando,

158 1920 352 1995 ignoscendo,
377 1920 455 1979 (lato
476 1922 551 1978 nihil
573 1922 734 1996 largiundo
756 1923 884 1996 gloriam
906 1923 1035 1997 adeptus
1138 1914 1142 1933 '

158 2007 212 2058 cst.
257 2001 295 2058 In
317 2001 411 2058 altero
439 2001 559 2058 miseris
587 2002 761 2076 perfugium
786 2008 860 2068 erat,
885 2003 917 2061 in
940 2003 1035 2059 altero

158 2081 248 2137 malis
270 2081 427 2154 pernicies
470 2081 559 2139 Illius
588 2082 728 2151 facilitas,
749 2081 839 2154 hujus
861 2083 1036 2139 constantia

158 2161 347 2218 laudabatur.
385 2161 543 2219 Postremo
555 2161 668 2220 Caesar
677 2161 709 2218 in
724 2161 861 2218 animum
873 2161 1035 2218 induxerat

105 2244 142 2301 25
158 2241 304 2311 laborare,
321 2241 463 2315 vigilare;
485 2242 617 2315 negotiis
641 2242 806 2299 amicorum
822 2241 960 2296 intentus
980 2258 1034 2296 sua

158 2322 322 2395 negligere,
339 2321 414 2377 nihil
430 2321 589 2394 denegare,
607 2322 686 2394 quod
701 2322 781 2379 dono
796 2320 923 2394 dignum
938 2325 1033 2392 esset3

159 2402 217 2457 sibi
239 2418 384 2475 magnum
409 2400 579 2476 imperinm,
595 2401 768 2471 exercitum,
784 2401 897 2458 bellum
921 2417 1033 2458 novum

159 2482 332 2554 exoptabat,
348 2480 399 2536 ubi
415 2480 515 2537 virtus
529 2480 693 2537 enitescere
708 2487 820 2554 posset.
860 2478 906 2536 At
923 2479 1033 2538 Oatoni

159 2561 294 2618 studium
310 2560 485 2632 modestiae,
501 2559 626 2630 decoris,
645 2561 696 2617 sed
710 2577 850 2618 maxume
860 2560 1033 2617 severitatis

106 2643 143 2699 30
159 2647 229 2697 erat.
276 2639 346 2697 Non
362 2640 480 2697 divitiis
500 2658 568 2698 cum
583 2641 686 2708 divite,
703 2659 798 2714 neque
814 2639 945 2698 factione
965 2658 1031 2696 cum

159 2720 295 2790 factiosa,
321 2721 374 2777 sed
403 2738 471 2776 cum
501 2727 623 2778 strenuo
653 2721 775 2790 virtute,
799 2737 866 2778 cum
895 2720 1031 2776 modesto

158 2799 281 2874 pudore,
302 2817 370 2856 cum
396 2801 555 2857 innocente
581 2799 767 2857 abstinentia
789 2800 945 2872 certabat;
967 2817 1030 2856 esse

159 2898 250 2955 quarn
266 2880 361 2936 videri
377 2881 475 2936 bonus
490 2880 638 2937 malebat:
661 2880 779 2954 itaquo
794 2880 895 2936 minus
910 2880 1030 2955 petebat

158 2960 295 3034 gloriam,
312 2978 348 3016 eo
366 2960 464 3033 magis
479 2959 563 3016 illum
580 2959 769 3035 sequebatur.

106 3039 142 3096 35
198 3043 243 3098 55.
269 3040 445 3115 Postquam,
461 3046 494 3096 ut
509 3039 581 3107 dixi,
592 3046 717 3097 senatus
732 3041 763 3096 in
775 3038 901 3097 Catonis
917 3045 1030 3096 senten-

159 3120 234 3176 tiam
251 3120 399 3189 discessit,
408 3119 512 3176 consul
529 3124 686 3192 optumum
702 3120 785 3176 factu
800 3125 894 3188 ratae,
902 3127 1027 3186 noctem,

158 3217 235 3271 quae
257 3200 402 3266 instabat,
418 3204 604 3270 antecapere,
623 3199 747 3272 nequid
770 3217 805 3255 eo
827 3199 927 3272 spatio
944 3217 1029 3255 nova

158 3283 249 3344 retur,
274 3277 451 3332 triumviros
476 3294 553 3349 quae
577 3275 758 3350 supplicium
784 3277 962 3350 postulabat
983 3297 1031 3354 pa·

159 3371 225 3409 rare
242 3355 347 3428 jubet3
371 3355 446 3427 ipse,
457 3353 618 3427 praesidiis
634 3355 801 3429 dispositis
818 3357 985 3414 Lentulum
1001 3359 1031 3414 in
