<?xml version="1.0" encoding="UTF-8"?>
<!DOCTYPE html PUBLIC "-//W3C//DTD XHTML 1.0 Transitional//EN"
    "http://www.w3.org/TR/xhtml1/DTD/xhtml1-transitional.dtd">
<html xmlns="http://www.w3.org/1999/xhtml" xml:lang="en" lang="en">
 <head>
  <title>
</title>
<meta http-equiv="Content-Type" content="text/html;charset=utf-8" />
  <meta name='ocr-system' content='tesseract 3.04.00' />
  <meta name='ocr-capabilities' content='ocr_page ocr_carea ocr_par ocr_line ocrx_word'/>
</head>
<body>
  <div class='ocr_page' id='page_1' title='image "./csallusticrispi01stuagoog_0125.png"; bbox 0 0 2322 3718; ppageno 0'>
   <div class='ocr_carea' id='block_1_1' title="bbox 130 145 782 212">
    <p class='ocr_par' dir='ltr' id='par_1_1' title="bbox 130 145 782 212">
     <span class='ocr_line' id='line_1_1' title="bbox 130 145 782 212; baseline 0.005 -3"><span class='ocrx_word' id='word_1_1' title='bbox 130 145 193 209; x_wconf 87' lang='lat'>118</span> <span class='ocrx_word' id='word_1_2' title='bbox 406 162 435 209; x_wconf 88' lang='lat' dir='ltr'>c.</span> <span class='ocrx_word' id='word_1_3' title='bbox 452 159 633 209; x_wconf 73' lang='lat' dir='ltr'>snanusrr</span> <span class='ocrx_word' id='word_1_4' title='bbox 661 161 782 212; x_wconf 81' lang='lat' dir='ltr'>carsrr</span> 
     </span>
    </p>
   </div>
   <div class='ocr_carea' id='block_1_2' title="bbox 130 319 1061 3353">
    <p class='ocr_par' dir='ltr' id='par_1_2' title="bbox 130 319 1061 3353">
     <span class='ocr_line' id='line_1_2' title="bbox 181 319 1059 399; baseline 0.008 -24"><span class='ocrx_word' id='word_1_5' title='bbox 181 337 280 395; x_wconf 84' lang='lat' dir='ltr'>noque</span> <span class='ocrx_word' id='word_1_6' title='bbox 289 319 458 396; x_wconf 81' lang='lat' dir='ltr'>frequentia</span> <span class='ocrx_word' id='word_1_7' title='bbox 466 321 531 394; x_wconf 83' lang='lat' dir='ltr'>ejus</span> <span class='ocrx_word' id='word_1_8' title='bbox 543 320 858 378; x_wconf 85' lang='lat' dir='ltr'>ordinisVolturcium</span> <span class='ocrx_word' id='word_1_9' title='bbox 868 339 938 380; x_wconf 89' lang='lat' dir='ltr'>cnm</span> <span class='ocrx_word' id='word_1_10' title='bbox 950 323 1059 399; x_wconf 84' lang='lat' dir='ltr'>legatis</span> 
     </span>
     <span class='ocr_line' id='line_1_3' title="bbox 180 399 1058 476; baseline 0.008 -21"><span class='ocrx_word' id='word_1_11' title='bbox 180 399 354 471; x_wconf 79' lang='lat' dir='ltr'><strong>introducit,</strong></span> <span class='ocrx_word' id='word_1_12' title='bbox 368 399 511 457; x_wconf 78' lang='lat' dir='ltr'>Flaccum</span> <span class='ocrx_word' id='word_1_13' title='bbox 520 406 691 474; x_wconf 81' lang='lat' dir='ltr'>praetorem</span> <span class='ocrx_word' id='word_1_14' title='bbox 707 401 850 457; x_wconf 88' lang='lat' dir='ltr'>scrinium</span> <span class='ocrx_word' id='word_1_15' title='bbox 860 421 929 460; x_wconf 85' lang='lat' dir='ltr'>cum</span> <span class='ocrx_word' id='word_1_16' title='bbox 939 403 1058 476; x_wconf 84' lang='lat' dir='ltr'>litteris,</span> 
     </span>
     <span class='ocr_line' id='line_1_4' title="bbox 181 479 949 556; baseline 0.007 -21"><span class='ocrx_word' id='word_1_17' title='bbox 181 497 256 554; x_wconf 90' lang='lat' dir='ltr'>quas</span> <span class='ocrx_word' id='word_1_18' title='bbox 272 498 290 536; x_wconf 92' lang='lat' dir='ltr'>a</span> <span class='ocrx_word' id='word_1_19' title='bbox 303 479 415 554; x_wconf 83' lang='lat' dir='ltr'>legatis</span> <span class='ocrx_word' id='word_1_20' title='bbox 425 486 591 554; x_wconf 86' lang='lat' dir='ltr'>acceperat,</span> <span class='ocrx_word' id='word_1_21' title='bbox 603 481 710 537; x_wconf 89' lang='lat' dir='ltr'>eodem</span> <span class='ocrx_word' id='word_1_22' title='bbox 726 480 843 538; x_wconf 87' lang='lat' dir='ltr'>adferre</span> <span class='ocrx_word' id='word_1_23' title='bbox 853 483 949 556; x_wconf 90' lang='lat' dir='ltr'>jubet.</span> 
     </span>
     <span class='ocr_line' id='line_1_5' title="bbox 222 559 1058 634; baseline 0.007 -18"><span class='ocrx_word' id='word_1_24' title='bbox 222 560 265 619; x_wconf 73' lang='lat'>47.</span> <span class='ocrx_word' id='word_1_25' title='bbox 284 559 461 616; x_wconf 74' lang='lat' dir='ltr'>Volturcius</span> <span class='ocrx_word' id='word_1_26' title='bbox 481 559 687 634; x_wconf 85' lang='lat' dir='ltr'>interrogatus</span> <span class='ocrx_word' id='word_1_27' title='bbox 702 561 739 618; x_wconf 87' lang='lat' dir='ltr'>de</span> <span class='ocrx_word' id='word_1_28' title='bbox 754 561 869 632; x_wconf 89' lang='lat' dir='ltr'>itinere,</span> <span class='ocrx_word' id='word_1_29' title='bbox 886 563 923 619; x_wconf 93' lang='lat' dir='ltr'>de</span> <span class='ocrx_word' id='word_1_30' title='bbox 938 563 1058 634; x_wconf 87' lang='lat' dir='ltr'>litteris,</span> 
     </span>
     <span class='ocr_line' id='line_1_6' title="bbox 148 639 1059 719; baseline 0.004 -22"><span class='ocrx_word' id='word_1_31' title='bbox 148 641 165 697; x_wconf 80' lang='lat'>5</span> <span class='ocrx_word' id='word_1_32' title='bbox 176 645 329 713; x_wconf 86' lang='lat' dir='ltr'>postremo</span> <span class='ocrx_word' id='word_1_33' title='bbox 342 639 414 713; x_wconf 91' lang='lat' dir='ltr'>quid</span> <span class='ocrx_word' id='word_1_34' title='bbox 426 643 479 695; x_wconf 89' lang='lat' dir='ltr'>aut</span> <span class='ocrx_word' id='word_1_35' title='bbox 490 640 597 713; x_wconf 87' lang='lat' dir='ltr'>quade</span> <span class='ocrx_word' id='word_1_36' title='bbox 609 657 701 697; x_wconf 88' lang='lat' dir='ltr'>causa</span> <span class='ocrx_word' id='word_1_37' title='bbox 712 641 818 697; x_wconf 88' lang='lat' dir='ltr'>consili</span> <span class='ocrx_word' id='word_1_38' title='bbox 827 641 995 714; x_wconf 76' lang='lat' dir='ltr'>habuisset,</span> <span class='ocrx_word' id='word_1_39' title='bbox 1006 645 1059 719; x_wconf 91' lang='lat' dir='ltr'>pri·</span> 
     </span>
     <span class='ocr_line' id='line_1_7' title="bbox 180 718 1060 798; baseline 0.006 -22"><span class='ocrx_word' id='word_1_40' title='bbox 180 737 230 776; x_wconf 90' lang='lat' dir='ltr'>mo</span> <span class='ocrx_word' id='word_1_41' title='bbox 242 719 352 793; x_wconf 84' lang='lat' dir='ltr'>fingere</span> <span class='ocrx_word' id='word_1_42' title='bbox 362 719 429 789; x_wconf 89' lang='lat' dir='ltr'>alia,</span> <span class='ocrx_word' id='word_1_43' title='bbox 438 718 631 775; x_wconf 88' lang='lat' dir='ltr'>dissimulare</span> <span class='ocrx_word' id='word_1_44' title='bbox 638 720 676 777; x_wconf 94' lang='lat' dir='ltr'>de</span> <span class='ocrx_word' id='word_1_45' title='bbox 686 721 892 794; x_wconf 86' lang='lat' dir='ltr'>conjuratione</span> <span class='ocrx_word' id='word_1_46' title='bbox 902 743 909 793; x_wconf 75' lang='lat'>3</span> <span class='ocrx_word' id='word_1_47' title='bbox 919 729 1001 798; x_wconf 88' lang='lat' dir='ltr'>post,</span> <span class='ocrx_word' id='word_1_48' title='bbox 1010 725 1060 781; x_wconf 91' lang='lat' dir='ltr'>ubi</span> 
     </span>
     <span class='ocr_line' id='line_1_8' title="bbox 181 799 1058 876; baseline 0.007 -22"><span class='ocrx_word' id='word_1_49' title='bbox 181 799 238 857; x_wconf 88' lang='lat' dir='ltr'>fide</span> <span class='ocrx_word' id='word_1_50' title='bbox 252 799 373 874; x_wconf 91' lang='lat' dir='ltr'>publica</span> <span class='ocrx_word' id='word_1_51' title='bbox 387 799 486 856; x_wconf 82' lang='lat' dir='ltr'>dicere</span> <span class='ocrx_word' id='word_1_52' title='bbox 495 799 602 872; x_wconf 87' lang='lat' dir='ltr'>jussus</span> <span class='ocrx_word' id='word_1_53' title='bbox 616 805 672 871; x_wconf 89' lang='lat' dir='ltr'>est,</span> <span class='ocrx_word' id='word_1_54' title='bbox 683 801 795 870; x_wconf 90' lang='lat' dir='ltr'>omnia,</span> <span class='ocrx_word' id='word_1_55' title='bbox 805 801 851 858; x_wconf 90' lang='lat' dir='ltr'>uti</span> <span class='ocrx_word' id='word_1_56' title='bbox 866 809 956 876; x_wconf 87' lang='lat' dir='ltr'>gesta</span> <span class='ocrx_word' id='word_1_57' title='bbox 964 810 1058 874; x_wconf 89' lang='lat' dir='ltr'>erant,</span> 
     </span>
     <span class='ocr_line' id='line_1_9' title="bbox 181 879 1060 955; baseline 0.006 -18"><span class='ocrx_word' id='word_1_58' title='bbox 181 880 285 955; x_wconf 88' lang='lat' dir='ltr'>aperit,</span> <span class='ocrx_word' id='word_1_59' title='bbox 301 880 448 954; x_wconf 89' lang='lat' dir='ltr'>docetque</span> <span class='ocrx_word' id='word_1_60' title='bbox 470 895 502 936; x_wconf 87' lang='lat' dir='ltr'>se</span> <span class='ocrx_word' id='word_1_61' title='bbox 516 879 621 954; x_wconf 83' lang='lat' dir='ltr'>paucis</span> <span class='ocrx_word' id='word_1_62' title='bbox 636 885 708 938; x_wconf 88' lang='lat' dir='ltr'>anta</span> <span class='ocrx_word' id='word_1_63' title='bbox 723 881 832 938; x_wconf 85' lang='lat' dir='ltr'>diebus</span> <span class='ocrx_word' id='word_1_64' title='bbox 847 899 865 938; x_wconf 90' lang='lat' dir='ltr'>a</span> <span class='ocrx_word' id='word_1_65' title='bbox 879 881 1013 941; x_wconf 81' lang='lat' dir='ltr'>Gabinio</span> <span class='ocrx_word' id='word_1_66' title='bbox 1031 891 1060 942; x_wconf 92' lang='lat' dir='ltr'>et</span> 
     </span>
     <span class='ocr_line' id='line_1_10' title="bbox 183 959 1059 1038; baseline 0.002 -20"><span class='ocrx_word' id='word_1_67' title='bbox 183 959 331 1035; x_wconf 87' lang='lat' dir='ltr'>Caepario</span> <span class='ocrx_word' id='word_1_68' title='bbox 346 960 463 1017; x_wconf 91' lang='lat' dir='ltr'>socium</span> <span class='ocrx_word' id='word_1_69' title='bbox 474 960 624 1017; x_wconf 90' lang='lat' dir='ltr'>adscitum</span> <span class='ocrx_word' id='word_1_70' title='bbox 639 959 716 1017; x_wconf 90' lang='lat' dir='ltr'>nihil</span> <span class='ocrx_word' id='word_1_71' title='bbox 728 961 862 1035; x_wconf 88' lang='lat' dir='ltr'>amplius</span> <span class='ocrx_word' id='word_1_72' title='bbox 877 962 954 1020; x_wconf 90' lang='lat' dir='ltr'>scire</span> <span class='ocrx_word' id='word_1_73' title='bbox 969 981 1059 1038; x_wconf 89' lang='lat' dir='ltr'>quam</span> 
     </span>
     <span class='ocr_line' id='line_1_11' title="bbox 130 1039 1057 1115; baseline 0.005 -19"><span class='ocrx_word' id='word_1_74' title='bbox 130 1040 166 1098; x_wconf 91' lang='lat'>10</span> <span class='ocrx_word' id='word_1_75' title='bbox 181 1039 314 1115; x_wconf 80' lang='lat' dir='ltr'>legatos;</span> <span class='ocrx_word' id='word_1_76' title='bbox 336 1040 548 1097; x_wconf 90' lang='lat' dir='ltr'>tantummodo</span> <span class='ocrx_word' id='word_1_77' title='bbox 563 1040 668 1098; x_wconf 88' lang='lat' dir='ltr'>audire</span> <span class='ocrx_word' id='word_1_78' title='bbox 679 1041 804 1099; x_wconf 85' lang='lat' dir='ltr'>solitum</span> <span class='ocrx_word' id='word_1_79' title='bbox 818 1059 856 1098; x_wconf 85' lang='lat' dir='ltr'>ex</span> <span class='ocrx_word' id='word_1_80' title='bbox 868 1042 1010 1113; x_wconf 82' lang='lat' dir='ltr'>Gabini0,</span> <span class='ocrx_word' id='word_1_81' title='bbox 1024 1043 1057 1101; x_wconf 89' lang='lat' dir='ltr'>P.</span> 
     </span>
     <span class='ocr_line' id='line_1_12' title="bbox 182 1118 1059 1196; baseline 0 -17"><span class='ocrx_word' id='word_1_82' title='bbox 182 1120 377 1190; x_wconf 80' lang='lat' dir='ltr'>Autronium,</span> <span class='ocrx_word' id='word_1_83' title='bbox 405 1119 467 1178; x_wconf 85' lang='lat' dir='ltr'>Ser.</span> <span class='ocrx_word' id='word_1_84' title='bbox 492 1118 618 1190; x_wconf 83' lang='lat' dir='ltr'>Sullam,</span> <span class='ocrx_word' id='word_1_85' title='bbox 635 1120 671 1178; x_wconf 89' lang='lat' dir='ltr'>L.</span> <span class='ocrx_word' id='word_1_86' title='bbox 689 1118 924 1196; x_wconf 78' lang='lat' dir='ltr'>Vargunteium,</span> <span class='ocrx_word' id='word_1_87' title='bbox 948 1123 1059 1180; x_wconf 91' lang='lat' dir='ltr'>multos</span> 
     </span>
     <span class='ocr_line' id='line_1_13' title="bbox 180 1198 1059 1276; baseline 0.005 -20"><span class='ocrx_word' id='word_1_88' title='bbox 180 1201 716 1276; x_wconf 87' lang='lat' dir='ltr'>praetereaineaconjurationeesse.</span> <span class='ocrx_word' id='word_1_89' title='bbox 750 1198 869 1259; x_wconf 81' lang='lat' dir='ltr'>Eadem</span> <span class='ocrx_word' id='word_1_90' title='bbox 877 1202 1059 1262; x_wconf 77' lang='lat' dir='ltr'>Callifaten-</span> 
     </span>
     <span class='ocr_line' id='line_1_14' title="bbox 181 1278 1059 1365; baseline 0.003 -28"><span class='ocrx_word' id='word_1_91' title='bbox 181 1285 231 1337; x_wconf 90' lang='lat' dir='ltr'>tur</span> <span class='ocrx_word' id='word_1_92' title='bbox 253 1299 287 1338; x_wconf 90' lang='lat' dir='ltr'>ac</span> <span class='ocrx_word' id='word_1_93' title='bbox 303 1278 467 1337; x_wconf 88' lang='lat' dir='ltr'>Lentulum</span> <span class='ocrx_word' id='word_1_94' title='bbox 489 1281 737 1338; x_wconf 87' lang='lat' dir='ltr'>dissimulantem</span> <span class='ocrx_word' id='word_1_95' title='bbox 758 1289 927 1356; x_wconf 86' lang='lat' dir='ltr'>coarguunt</span> <span class='ocrx_word' id='word_1_96' title='bbox 941 1289 1059 1365; x_wconf 58' lang='lat' dir='ltr'>praeter</span> 
     </span>
     <span class='ocr_line' id='line_1_15' title="bbox 182 1352 1059 1437; baseline 0.003 -20"><span class='ocrx_word' id='word_1_97' title='bbox 182 1360 301 1417; x_wconf 84' lang='lat' dir='ltr'>litteras</span> <span class='ocrx_word' id='word_1_98' title='bbox 315 1361 514 1431; x_wconf 87' lang='lat' dir='ltr'>sermonibus,</span> <span class='ocrx_word' id='word_1_99' title='bbox 522 1378 598 1436; x_wconf 88' lang='lat' dir='ltr'>quos</span> <span class='ocrx_word' id='word_1_100' title='bbox 613 1361 663 1418; x_wconf 91' lang='lat' dir='ltr'>ille</span> <span class='ocrx_word' id='word_1_101' title='bbox 675 1361 786 1418; x_wconf 90' lang='lat' dir='ltr'>habere</span> <span class='ocrx_word' id='word_1_102' title='bbox 798 1362 909 1419; x_wconf 86' lang='lat' dir='ltr'>solitus</span> <span class='ocrx_word' id='word_1_103' title='bbox 923 1352 1059 1437; x_wconf 51' lang='lat' dir='ltr'>eradtbx</span> 
     </span>
     <span class='ocr_line' id='line_1_16' title="bbox 131 1439 1060 1518; baseline 0.004 -22"><span class='ocrx_word' id='word_1_104' title='bbox 131 1445 166 1502; x_wconf 85' lang='lat'>15</span> <span class='ocrx_word' id='word_1_105' title='bbox 182 1441 268 1498; x_wconf 88' lang='lat' dir='ltr'>libris</span> <span class='ocrx_word' id='word_1_106' title='bbox 284 1439 441 1516; x_wconf 84' lang='lat' dir='ltr'>Sibyllinis</span> <span class='ocrx_word' id='word_1_107' title='bbox 450 1458 579 1515; x_wconf 84' lang='lat' dir='ltr'>regnum</span> <span class='ocrx_word' id='word_1_108' title='bbox 590 1441 709 1499; x_wconf 87' lang='lat' dir='ltr'>Romae</span> <span class='ocrx_word' id='word_1_109' title='bbox 725 1441 824 1498; x_wconf 88' lang='lat' dir='ltr'>tribus</span> <span class='ocrx_word' id='word_1_110' title='bbox 836 1440 988 1500; x_wconf 88' lang='lat' dir='ltr'>Corneliis</span> <span class='ocrx_word' id='word_1_111' title='bbox 998 1461 1060 1518; x_wconf 89' lang='lat' dir='ltr'>por-</span> 
     </span>
     <span class='ocr_line' id='line_1_17' title="bbox 180 1520 1058 1596; baseline 0.003 -18"><span class='ocrx_word' id='word_1_112' title='bbox 180 1521 282 1594; x_wconf 83' lang='lat' dir='ltr'>tendi3</span> <span class='ocrx_word' id='word_1_113' title='bbox 300 1520 430 1579; x_wconf 81' lang='lat' dir='ltr'>Cinnam</span> <span class='ocrx_word' id='word_1_114' title='bbox 446 1525 537 1596; x_wconf 88' lang='lat' dir='ltr'>atque</span> <span class='ocrx_word' id='word_1_115' title='bbox 551 1520 667 1579; x_wconf 85' lang='lat' dir='ltr'>Sullam</span> <span class='ocrx_word' id='word_1_116' title='bbox 682 1527 780 1591; x_wconf 86' lang='lat' dir='ltr'>antea,</span> <span class='ocrx_word' id='word_1_117' title='bbox 797 1539 829 1578; x_wconf 92' lang='lat' dir='ltr'>se</span> <span class='ocrx_word' id='word_1_118' title='bbox 844 1523 971 1580; x_wconf 89' lang='lat' dir='ltr'>tertium</span> <span class='ocrx_word' id='word_1_119' title='bbox 984 1540 1058 1592; x_wconf 88' lang='lat' dir='ltr'>esse,</span> 
     </span>
     <span class='ocr_line' id='line_1_18' title="bbox 183 1594 1059 1676; baseline 0.005 -19"><span class='ocrx_word' id='word_1_120' title='bbox 183 1601 230 1657; x_wconf 88' lang='lat' dir='ltr'>cui</span> <span class='ocrx_word' id='word_1_121' title='bbox 246 1601 343 1658; x_wconf 86' lang='lat' dir='ltr'>latum</span> <span class='ocrx_word' id='word_1_122' title='bbox 353 1600 430 1658; x_wconf 88' lang='lat' dir='ltr'>foret</span> <span class='ocrx_word' id='word_1_123' title='bbox 439 1594 644 1675; x_wconf 76' lang='lat' dir='ltr'>urbispotiri3</span> <span class='ocrx_word' id='word_1_124' title='bbox 658 1602 996 1676; x_wconf 87' lang='lat' dir='ltr'>praetereaabincenso</span> <span class='ocrx_word' id='word_1_125' title='bbox 1005 1602 1059 1661; x_wconf 89' lang='lat' dir='ltr'>Ca-</span> 
     </span>
     <span class='ocr_line' id='line_1_19' title="bbox 181 1680 1059 1759; baseline 0.005 -23"><span class='ocrx_word' id='word_1_126' title='bbox 181 1681 289 1756; x_wconf 89' lang='lat' dir='ltr'>pitolio</span> <span class='ocrx_word' id='word_1_127' title='bbox 304 1680 389 1738; x_wconf 94' lang='lat' dir='ltr'>illum</span> <span class='ocrx_word' id='word_1_128' title='bbox 403 1697 469 1738; x_wconf 86' lang='lat' dir='ltr'>esse</span> <span class='ocrx_word' id='word_1_129' title='bbox 479 1681 664 1756; x_wconf 83' lang='lat' dir='ltr'>vigesimum</span> <span class='ocrx_word' id='word_1_130' title='bbox 681 1697 803 1753; x_wconf 89' lang='lat' dir='ltr'>annum,</span> <span class='ocrx_word' id='word_1_131' title='bbox 820 1699 911 1756; x_wconf 87' lang='lat' dir='ltr'>quem</span> <span class='ocrx_word' id='word_1_132' title='bbox 922 1700 1013 1759; x_wconf 89' lang='lat' dir='ltr'>saepe</span> <span class='ocrx_word' id='word_1_133' title='bbox 1024 1700 1059 1739; x_wconf 83' lang='lat' dir='ltr'>ex</span> 
     </span>
     <span class='ocr_line' id='line_1_20' title="bbox 182 1760 1060 1837; baseline 0.005 -21"><span class='ocrx_word' id='word_1_134' title='bbox 182 1760 331 1836; x_wconf 85' lang='lat' dir='ltr'>prodigiis</span> <span class='ocrx_word' id='word_1_135' title='bbox 343 1761 520 1837; x_wconf 88' lang='lat' dir='ltr'>haruspices</span> <span class='ocrx_word' id='word_1_136' title='bbox 534 1761 764 1837; x_wconf 87' lang='lat' dir='ltr'>respondissent</span> <span class='ocrx_word' id='word_1_137' title='bbox 772 1761 852 1818; x_wconf 92' lang='lat' dir='ltr'>bello</span> <span class='ocrx_word' id='word_1_138' title='bbox 863 1762 945 1820; x_wconf 89' lang='lat' dir='ltr'>civili</span> <span class='ocrx_word' id='word_1_139' title='bbox 961 1781 1060 1820; x_wconf 88' lang='lat' dir='ltr'>cruen-</span> 
     </span>
     <span class='ocr_line' id='line_1_21' title="bbox 130 1841 1060 1917; baseline -0.002 -15"><span class='ocrx_word' id='word_1_140' title='bbox 130 1846 167 1902; x_wconf 76' lang='grc'>20</span> <span class='ocrx_word' id='word_1_141' title='bbox 183 1846 248 1898; x_wconf 91' lang='lat' dir='ltr'>tum</span> <span class='ocrx_word' id='word_1_142' title='bbox 263 1841 334 1898; x_wconf 90' lang='lat' dir='ltr'>fore.</span> <span class='ocrx_word' id='word_1_143' title='bbox 377 1841 477 1916; x_wconf 86' lang='lat' dir='ltr'>Igitur</span> <span class='ocrx_word' id='word_1_144' title='bbox 490 1841 631 1916; x_wconf 87' lang='lat' dir='ltr'>perlectis</span> <span class='ocrx_word' id='word_1_145' title='bbox 646 1842 763 1912; x_wconf 90' lang='lat' dir='ltr'>litteris,</span> <span class='ocrx_word' id='word_1_146' title='bbox 774 1859 843 1899; x_wconf 88' lang='lat' dir='ltr'>cum</span> <span class='ocrx_word' id='word_1_147' title='bbox 857 1842 944 1917; x_wconf 91' lang='lat' dir='ltr'>prius</span> <span class='ocrx_word' id='word_1_148' title='bbox 955 1860 1060 1900; x_wconf 87' lang='lat' dir='ltr'>ornnes</span> 
     </span>
     <span class='ocr_line' id='line_1_22' title="bbox 184 1921 1060 1996; baseline 0.003 -18"><span class='ocrx_word' id='word_1_149' title='bbox 184 1922 274 1996; x_wconf 81' lang='lat' dir='ltr'>signa</span> <span class='ocrx_word' id='word_1_150' title='bbox 283 1939 339 1978; x_wconf 88' lang='lat' dir='ltr'>sua</span> <span class='ocrx_word' id='word_1_151' title='bbox 347 1921 572 1996; x_wconf 85' lang='lat' dir='ltr'>cognovissent,</span> <span class='ocrx_word' id='word_1_152' title='bbox 581 1922 858 1992; x_wconf 88' lang='lat' dir='ltr'>senatusdecernit,</span> <span class='ocrx_word' id='word_1_153' title='bbox 868 1923 913 1979; x_wconf 91' lang='lat' dir='ltr'>uti</span> <span class='ocrx_word' id='word_1_154' title='bbox 922 1923 1060 1981; x_wconf 90' lang='lat' dir='ltr'>abdicato</span> 
     </span>
     <span class='ocr_line' id='line_1_23' title="bbox 183 2000 1061 2077; baseline 0.002 -19"><span class='ocrx_word' id='word_1_155' title='bbox 183 2002 369 2076; x_wconf 86' lang='lat' dir='ltr'>magistratu</span> <span class='ocrx_word' id='word_1_156' title='bbox 383 2000 543 2072; x_wconf 90' lang='lat' dir='ltr'>Lentulus,</span> <span class='ocrx_word' id='word_1_157' title='bbox 551 2002 685 2077; x_wconf 89' lang='lat' dir='ltr'>itemque</span> <span class='ocrx_word' id='word_1_158' title='bbox 699 2001 789 2059; x_wconf 88' lang='lat' dir='ltr'>ceteri</span> <span class='ocrx_word' id='word_1_159' title='bbox 800 2002 832 2058; x_wconf 91' lang='lat' dir='ltr'>in</span> <span class='ocrx_word' id='word_1_160' title='bbox 846 2001 950 2060; x_wconf 90' lang='lat' dir='ltr'>liberis</span> <span class='ocrx_word' id='word_1_161' title='bbox 965 2007 1061 2060; x_wconf 83' lang='lat' dir='ltr'>custo</span> 
     </span>
     <span class='ocr_line' id='line_1_24' title="bbox 183 2080 1060 2158; baseline 0.001 -20"><span class='ocrx_word' id='word_1_162' title='bbox 183 2081 242 2139; x_wconf 90' lang='lat' dir='ltr'>diis</span> <span class='ocrx_word' id='word_1_163' title='bbox 257 2081 434 2139; x_wconf 87' lang='lat' dir='ltr'>habeantur.</span> <span class='ocrx_word' id='word_1_164' title='bbox 465 2080 1060 2158; x_wconf 79' lang='lat' dir='ltr'>ItaqueLentulusP,LentuloSpinthe-</span> 
     </span>
     <span class='ocr_line' id='line_1_25' title="bbox 183 2161 1061 2237; baseline 0 -19"><span class='ocrx_word' id='word_1_165' title='bbox 183 2162 218 2232; x_wconf 92' lang='lat' dir='ltr'>ri,</span> <span class='ocrx_word' id='word_1_166' title='bbox 230 2162 356 2237; x_wconf 90' lang='lat' dir='ltr'>quitum</span> <span class='ocrx_word' id='word_1_167' title='bbox 368 2161 475 2218; x_wconf 89' lang='lat' dir='ltr'>aedilis</span> <span class='ocrx_word' id='word_1_168' title='bbox 484 2167 558 2233; x_wconf 89' lang='lat' dir='ltr'>erat,</span> <span class='ocrx_word' id='word_1_169' title='bbox 570 2161 726 2236; x_wconf 79' lang='lat' dir='ltr'>Cethegus</span> <span class='ocrx_word' id='word_1_170' title='bbox 737 2161 773 2234; x_wconf 80' lang='lat' dir='ltr'>Q.</span> <span class='ocrx_word' id='word_1_171' title='bbox 786 2161 957 2233; x_wconf 89' lang='lat' dir='ltr'>Cornificio,</span> <span class='ocrx_word' id='word_1_172' title='bbox 972 2162 1061 2220; x_wconf 83' lang='lat' dir='ltr'>Stati·</span> 
     </span>
     <span class='ocr_line' id='line_1_26' title="bbox 131 2240 1060 2319; baseline -0.004 -15"><span class='ocrx_word' id='word_1_173' title='bbox 131 2245 167 2304; x_wconf 75' lang='lat'>25</span> <span class='ocrx_word' id='word_1_174' title='bbox 182 2243 243 2299; x_wconf 85' lang='lat' dir='ltr'>lius</span> <span class='ocrx_word' id='word_1_175' title='bbox 266 2241 299 2300; x_wconf 90' lang='lat' dir='ltr'>C.</span> <span class='ocrx_word' id='word_1_176' title='bbox 317 2241 450 2314; x_wconf 81' lang='lat' dir='ltr'>Caesari,</span> <span class='ocrx_word' id='word_1_177' title='bbox 472 2242 622 2301; x_wconf 83' lang='lat' dir='ltr'>Gabinius</span> <span class='ocrx_word' id='word_1_178' title='bbox 643 2241 686 2298; x_wconf 93' lang='lat' dir='ltr'>M.</span> <span class='ocrx_word' id='word_1_179' title='bbox 704 2240 825 2312; x_wconf 89' lang='lat' dir='ltr'>Crasso,</span> <span class='ocrx_word' id='word_1_180' title='bbox 843 2241 1060 2319; x_wconf 84' lang='lat' dir='ltr'>Caeparius-</span> 
     </span>
     <span class='ocr_line' id='line_1_27' title="bbox 183 2321 1060 2397; baseline -0.003 -16"><span class='ocrx_word' id='word_1_181' title='bbox 183 2341 254 2381; x_wconf 88' lang='lat' dir='ltr'>nam</span> <span class='ocrx_word' id='word_1_182' title='bbox 275 2322 302 2379; x_wconf 88' lang='lat' dir='ltr'>is</span> <span class='ocrx_word' id='word_1_183' title='bbox 316 2323 406 2397; x_wconf 92' lang='lat' dir='ltr'>paulo</span> <span class='ocrx_word' id='word_1_184' title='bbox 421 2327 491 2380; x_wconf 89' lang='lat' dir='ltr'>ante</span> <span class='ocrx_word' id='word_1_185' title='bbox 505 2340 543 2379; x_wconf 85' lang='lat' dir='ltr'>ex</span> <span class='ocrx_word' id='word_1_186' title='bbox 556 2321 631 2397; x_wconf 84' lang='lat' dir='ltr'>fuga</span> <span class='ocrx_word' id='word_1_187' title='bbox 644 2325 796 2379; x_wconf 88' lang='lat' dir='ltr'>retractus</span> <span class='ocrx_word' id='word_1_188' title='bbox 809 2328 875 2380; x_wconf 89' lang='lat' dir='ltr'>erat</span> <span class='ocrx_word' id='word_1_189' title='bbox 884 2353 927 2362; x_wconf 99' lang='lat'><strong>—</strong></span> <span class='ocrx_word' id='word_1_190' title='bbox 936 2321 991 2381; x_wconf 88' lang='lat' dir='ltr'>Cn.</span> <span class='ocrx_word' id='word_1_191' title='bbox 1009 2321 1060 2379; x_wconf 84' lang='lat' dir='ltr'>Te·</span> 
     </span>
     <span class='ocr_line' id='line_1_28' title="bbox 182 2402 615 2463; baseline -0.005 0"><span class='ocrx_word' id='word_1_192' title='bbox 182 2403 281 2463; x_wconf 89' lang='lat' dir='ltr'>rentio</span> <span class='ocrx_word' id='word_1_193' title='bbox 296 2402 429 2460; x_wconf 90' lang='lat' dir='ltr'>senatori</span> <span class='ocrx_word' id='word_1_194' title='bbox 444 2402 615 2462; x_wconf 89' lang='lat' dir='ltr'>traduntur.</span> 
     </span>
     <span class='ocr_line' id='line_1_29' title="bbox 225 2482 1059 2558; baseline -0.002 -18"><span class='ocrx_word' id='word_1_195' title='bbox 225 2487 271 2542; x_wconf 85' lang='grc'>48.</span> <span class='ocrx_word' id='word_1_196' title='bbox 294 2483 417 2540; x_wconf 89' lang='lat' dir='ltr'>Interea</span> <span class='ocrx_word' id='word_1_197' title='bbox 444 2482 530 2558; x_wconf 89' lang='lat' dir='ltr'>plebs</span> <span class='ocrx_word' id='word_1_198' title='bbox 561 2482 769 2556; x_wconf 88' lang='lat' dir='ltr'>conjuratione</span> <span class='ocrx_word' id='word_1_199' title='bbox 794 2482 957 2556; x_wconf 87' lang='lat' dir='ltr'>patefacta,</span> <span class='ocrx_word' id='word_1_200' title='bbox 983 2499 1059 2557; x_wconf 91' lang='lat' dir='ltr'>quae</span> 
     </span>
     <span class='ocr_line' id='line_1_30' title="bbox 183 2561 1058 2639; baseline -0.002 -19"><span class='ocrx_word' id='word_1_201' title='bbox 183 2563 281 2639; x_wconf 89' lang='lat' dir='ltr'>primo</span> <span class='ocrx_word' id='word_1_202' title='bbox 303 2563 412 2639; x_wconf 89' lang='lat' dir='ltr'>cupida</span> <span class='ocrx_word' id='word_1_203' title='bbox 432 2581 533 2621; x_wconf 89' lang='lat' dir='ltr'>rerum</span> <span class='ocrx_word' id='word_1_204' title='bbox 552 2580 701 2620; x_wconf 86' lang='lat' dir='ltr'>novarum</span> <span class='ocrx_word' id='word_1_205' title='bbox 724 2562 818 2620; x_wconf 87' lang='lat' dir='ltr'>nimis</span> <span class='ocrx_word' id='word_1_206' title='bbox 834 2561 913 2620; x_wconf 90' lang='lat' dir='ltr'>bello</span> <span class='ocrx_word' id='word_1_207' title='bbox 928 2563 1058 2632; x_wconf 82' lang='lat' dir='ltr'>favebat,</span> 
     </span>
     <span class='ocr_line' id='line_1_31' title="bbox 131 2641 1060 2714; baseline -0.008 -9"><span class='ocrx_word' id='word_1_208' title='bbox 131 2648 169 2705; x_wconf 88' lang='lat'>30</span> <span class='ocrx_word' id='word_1_209' title='bbox 183 2649 303 2701; x_wconf 90' lang='lat' dir='ltr'>mutata</span> <span class='ocrx_word' id='word_1_210' title='bbox 323 2647 424 2700; x_wconf 87' lang='lat' dir='ltr'>mente</span> <span class='ocrx_word' id='word_1_211' title='bbox 447 2642 596 2703; x_wconf 85' lang='lat' dir='ltr'>Catilinae</span> <span class='ocrx_word' id='word_1_212' title='bbox 617 2642 744 2701; x_wconf 91' lang='lat' dir='ltr'>consilia</span> <span class='ocrx_word' id='word_1_213' title='bbox 764 2643 923 2714; x_wconf 84' lang='lat' dir='ltr'>exsecrari,</span> <span class='ocrx_word' id='word_1_214' title='bbox 945 2641 1060 2701; x_wconf 80' lang='lat' dir='ltr'>Cicero</span> 
     </span>
     <span class='ocr_line' id='line_1_32' title="bbox 184 2722 1059 2799; baseline -0.005 -18"><span class='ocrx_word' id='word_1_215' title='bbox 184 2742 253 2782; x_wconf 89' lang='lat' dir='ltr'>nem</span> <span class='ocrx_word' id='word_1_216' title='bbox 276 2724 313 2781; x_wconf 88' lang='lat' dir='ltr'>ad</span> <span class='ocrx_word' id='word_1_217' title='bbox 335 2723 451 2781; x_wconf 88' lang='lat' dir='ltr'>caelum</span> <span class='ocrx_word' id='word_1_218' title='bbox 472 2724 600 2799; x_wconf 90' lang='lat' dir='ltr'>tollere;</span> <span class='ocrx_word' id='word_1_219' title='bbox 622 2723 718 2782; x_wconf 83' lang='lat' dir='ltr'>veluti</span> <span class='ocrx_word' id='word_1_220' title='bbox 733 2740 771 2779; x_wconf 84' lang='lat' dir='ltr'>cx</span> <span class='ocrx_word' id='word_1_221' title='bbox 792 2722 940 2780; x_wconf 86' lang='lat' dir='ltr'>servituto</span> <span class='ocrx_word' id='word_1_222' title='bbox 955 2727 1059 2798; x_wconf 88' lang='lat' dir='ltr'>erepta</span> 
     </span>
     <span class='ocr_line' id='line_1_33' title="bbox 184 2801 1060 2880; baseline -0.007 -18"><span class='ocrx_word' id='word_1_223' title='bbox 184 2805 332 2880; x_wconf 83' lang='lat' dir='ltr'>gaudium</span> <span class='ocrx_word' id='word_1_224' title='bbox 361 2808 451 2879; x_wconf 90' lang='lat' dir='ltr'>atque</span> <span class='ocrx_word' id='word_1_225' title='bbox 480 2804 627 2861; x_wconf 86' lang='lat' dir='ltr'>laetitiam</span> <span class='ocrx_word' id='word_1_226' title='bbox 650 2802 796 2878; x_wconf 85' lang='lat' dir='ltr'>agitabat.</span> <span class='ocrx_word' id='word_1_227' title='bbox 838 2801 979 2878; x_wconf 88' lang='lat' dir='ltr'>Namque</span> <span class='ocrx_word' id='word_1_228' title='bbox 1001 2802 1060 2860; x_wconf 90' lang='lat' dir='ltr'>alia</span> 
     </span>
     <span class='ocr_line' id='line_1_34' title="bbox 183 2882 1058 2959; baseline -0.005 -17"><span class='ocrx_word' id='word_1_229' title='bbox 183 2885 255 2943; x_wconf 91' lang='lat' dir='ltr'>belli</span> <span class='ocrx_word' id='word_1_230' title='bbox 271 2884 404 2942; x_wconf 85' lang='lat' dir='ltr'>facinora</span> <span class='ocrx_word' id='word_1_231' title='bbox 417 2885 546 2959; x_wconf 88' lang='lat' dir='ltr'>praedae</span> <span class='ocrx_word' id='word_1_232' title='bbox 562 2884 662 2958; x_wconf 85' lang='lat' dir='ltr'>magis</span> <span class='ocrx_word' id='word_1_233' title='bbox 676 2899 768 2958; x_wconf 90' lang='lat' dir='ltr'>quam</span> <span class='ocrx_word' id='word_1_234' title='bbox 791 2882 973 2940; x_wconf 88' lang='lat' dir='ltr'>detrimento</span> <span class='ocrx_word' id='word_1_235' title='bbox 988 2883 1058 2952; x_wconf 85' lang='lat' dir='ltr'>fore,</span> 
     </span>
     <span class='ocr_line' id='line_1_35' title="bbox 184 2962 1057 3033; baseline -0.003 -11"><span class='ocrx_word' id='word_1_236' title='bbox 184 2965 358 3022; x_wconf 89' lang='lat' dir='ltr'>incendium</span> <span class='ocrx_word' id='word_1_237' title='bbox 373 2981 445 3020; x_wconf 86' lang='lat' dir='ltr'>vero</span> <span class='ocrx_word' id='word_1_238' title='bbox 460 2963 588 3033; x_wconf 89' lang='lat' dir='ltr'>crudele,</span> <span class='ocrx_word' id='word_1_239' title='bbox 604 2962 838 3020; x_wconf 88' lang='lat' dir='ltr'>immoderatum</span> <span class='ocrx_word' id='word_1_240' title='bbox 853 2980 888 3019; x_wconf 89' lang='lat' dir='ltr'>ac</span> <span class='ocrx_word' id='word_1_241' title='bbox 903 2963 962 3019; x_wconf 88' lang='lat' dir='ltr'>sibi</span> <span class='ocrx_word' id='word_1_242' title='bbox 977 2979 1057 3019; x_wconf 86' lang='lat' dir='ltr'>max·</span> 
     </span>
     <span class='ocr_line' id='line_1_36' title="bbox 132 3042 1058 3118; baseline -0.008 -14"><span class='ocrx_word' id='word_1_243' title='bbox 132 3047 168 3104; x_wconf 85' lang='lat'>35</span> <span class='ocrx_word' id='word_1_244' title='bbox 184 3062 253 3100; x_wconf 76' lang='lat' dir='ltr'>unic</span> <span class='ocrx_word' id='word_1_245' title='bbox 269 3042 478 3099; x_wconf 89' lang='lat' dir='ltr'>calamitosum</span> <span class='ocrx_word' id='word_1_246' title='bbox 493 3042 631 3118; x_wconf 89' lang='lat' dir='ltr'>putabat,</span> <span class='ocrx_word' id='word_1_247' title='bbox 647 3043 758 3117; x_wconf 93' lang='lat' dir='ltr'>quippe</span> <span class='ocrx_word' id='word_1_248' title='bbox 773 3042 822 3098; x_wconf 93' lang='lat' dir='ltr'>cui</span> <span class='ocrx_word' id='word_1_249' title='bbox 837 3059 942 3098; x_wconf 91' lang='lat' dir='ltr'>omnes</span> <span class='ocrx_word' id='word_1_250' title='bbox 956 3043 1058 3118; x_wconf 89' lang='lat' dir='ltr'>copiae</span> 
     </span>
     <span class='ocr_line' id='line_1_37' title="bbox 185 3121 1060 3196; baseline -0.001 -18"><span class='ocrx_word' id='word_1_251' title='bbox 185 3123 216 3178; x_wconf 92' lang='lat' dir='ltr'>in</span> <span class='ocrx_word' id='word_1_252' title='bbox 237 3139 295 3178; x_wconf 90' lang='lat' dir='ltr'>usu</span> <span class='ocrx_word' id='word_1_253' title='bbox 316 3121 493 3196; x_wconf 93' lang='lat' dir='ltr'>quotidiano</span> <span class='ocrx_word' id='word_1_254' title='bbox 514 3126 546 3177; x_wconf 91' lang='lat' dir='ltr'>ct</span> <span class='ocrx_word' id='word_1_255' title='bbox 574 3121 657 3177; x_wconf 92' lang='lat' dir='ltr'>cultu</span> <span class='ocrx_word' id='word_1_256' title='bbox 685 3121 818 3195; x_wconf 91' lang='lat' dir='ltr'>corporis</span> <span class='ocrx_word' id='word_1_257' title='bbox 847 3128 941 3179; x_wconf 83' lang='lat' dir='ltr'>erant.</span> <span class='ocrx_word' id='word_1_258' title='bbox 986 3123 1060 3179; x_wconf 88' lang='lat' dir='ltr'>Post</span> 
     </span>
     <span class='ocr_line' id='line_1_38' title="bbox 185 3197 1060 3274; baseline 0.002 -18"><span class='ocrx_word' id='word_1_259' title='bbox 185 3218 255 3256; x_wconf 93' lang='lat' dir='ltr'>eum</span> <span class='ocrx_word' id='word_1_260' title='bbox 276 3200 355 3256; x_wconf 92' lang='lat' dir='ltr'>diem</span> <span class='ocrx_word' id='word_1_261' title='bbox 378 3199 501 3273; x_wconf 89' lang='lat' dir='ltr'>quidam</span> <span class='ocrx_word' id='word_1_262' title='bbox 524 3197 559 3255; x_wconf 88' lang='lat' dir='ltr'>L.</span> <span class='ocrx_word' id='word_1_263' title='bbox 576 3199 760 3274; x_wconf 82' lang='lat' dir='ltr'>Tarquinius</span> <span class='ocrx_word' id='word_1_264' title='bbox 784 3200 822 3257; x_wconf 90' lang='lat' dir='ltr'>ad</span> <span class='ocrx_word' id='word_1_265' title='bbox 847 3207 989 3258; x_wconf 88' lang='lat' dir='ltr'>senatum</span> <span class='ocrx_word' id='word_1_266' title='bbox 1014 3201 1060 3258; x_wconf 90' lang='lat' dir='ltr'>ad·</span> 
     </span>
     <span class='ocr_line' id='line_1_39' title="bbox 186 3277 1060 3353; baseline 0.002 -19"><span class='ocrx_word' id='word_1_267' title='bbox 186 3278 297 3334; x_wconf 88' lang='lat' dir='ltr'>ductus</span> <span class='ocrx_word' id='word_1_268' title='bbox 320 3281 394 3345; x_wconf 90' lang='lat' dir='ltr'>erat,</span> <span class='ocrx_word' id='word_1_269' title='bbox 418 3295 508 3351; x_wconf 88' lang='lat' dir='ltr'>quem</span> <span class='ocrx_word' id='word_1_270' title='bbox 529 3277 568 3333; x_wconf 89' lang='lat' dir='ltr'>ad</span> <span class='ocrx_word' id='word_1_271' title='bbox 584 3277 748 3335; x_wconf 89' lang='lat' dir='ltr'>Catilinam</span> <span class='ocrx_word' id='word_1_272' title='bbox 768 3279 1008 3353; x_wconf 86' lang='lat' dir='ltr'>proficiscentem</span> <span class='ocrx_word' id='word_1_273' title='bbox 1024 3297 1060 3337; x_wconf 87' lang='lat' dir='ltr'>ex</span> 
     </span>
    </p>
   </div>
   <div class='ocr_carea' id='block_1_3' title="bbox 187 3355 1062 3476">
    <p class='ocr_par' dir='ltr' id='par_1_3' title="bbox 187 3355 1062 3476">
     <span class='ocr_line' id='line_1_40' title="bbox 187 3355 1062 3456; baseline 0.021 -59"><span class='ocrx_word' id='word_1_274' title='bbox 187 3355 295 3412; x_wconf 58' lang='lat' dir='ltr'>lunare</span> <span class='ocrx_word' id='word_1_275' title='bbox 315 3359 479 3456; x_wconf 65' lang='lat' dir='ltr'>petractum</span> <span class='ocrx_word' id='word_1_276' title='bbox 499 3355 629 3412; x_wconf 89' lang='lat' dir='ltr'>aiebant.</span> <span class='ocrx_word' id='word_1_277' title='bbox 671 3356 713 3428; x_wconf 83' lang='lat' dir='ltr'>Ia,</span> <span class='ocrx_word' id='word_1_278' title='bbox 729 3375 798 3414; x_wconf 92' lang='lat' dir='ltr'>cum</span> <span class='ocrx_word' id='word_1_279' title='bbox 813 3374 845 3415; x_wconf 88' lang='lat' dir='ltr'>se</span> <span class='ocrx_word' id='word_1_280' title='bbox 860 3359 974 3418; x_wconf 87' lang='lat' dir='ltr'>diceret</span> <span class='ocrx_word' id='word_1_281' title='bbox 989 3359 1062 3418; x_wconf 89' lang='lat' dir='ltr'>indi·</span> 
     </span>
     <span class='ocr_line' id='line_1_41' title="bbox 310 3442 370 3476; baseline 0.033 0"><span class='ocrx_word' id='word_1_282' title='bbox 310 3442 345 3476; x_wconf 53' lang='grc' dir='ltr'>,Μ</span> <span class='ocrx_word' id='word_1_283' title='bbox 359 3445 370 3460; x_wconf 68' lang='lat'>&#39;⁴</span> 
     </span>
    </p>
   </div>
   <div class='ocr_carea' id='block_1_4' title="bbox 0 0 1167 3718">
    <p class='ocr_par' dir='ltr' id='par_1_4' title="bbox 0 0 1167 3718">
     <span class='ocr_line' id='line_1_42' title="bbox 0 0 1167 3718; baseline 0 0"><span class='ocrx_word' id='word_1_284' title='bbox 0 0 1167 3718; x_wconf 95' lang='lat' dir='ltr'> </span> 
     </span>
    </p>
   </div>
  </div>
 </body>
</html>
