2346 3718
362 201 408 248 nn
433 201 555 246 nanno
587 169 846 248 ruaunr'nrno.
1036 186 1075 248 15

140 359 259 419 exotio
275 376 342 417 meo
358 377 449 434 quam
465 376 502 416 ex
524 358 652 415 aliorum
668 359 802 432 negotiis
818 358 861 415 rei
883 359 1021 433 publicae

141 448 313 497 venturum.
356 439 437 496 Nam
458 457 547 513 saepe
571 456 628 512 ego
652 438 754 494 audivi
779 440 814 512 Q.
832 438 1021 510 Maxumum,

142 520 177 578 P.
193 520 373 594 Scipionem,
389 528 546 595 praeterea
561 518 697 575 civitatis
713 524 834 575 nostrae
849 519 1022 594 praeclaros

140 601 224 658 viros
253 600 359 656 solitos
388 601 431 657 ita
460 600 568 669 dicere,
598 617 666 656 cum
696 601 844 673 majorum
871 599 1021 674 imagines

141 681 339 750 intuerentur,
363 679 641 736 vehementissume
665 679 724 736 sibi
747 680 883 736 animum
906 680 944 737 ad
964 681 1022 737 vir·
1056 682 1073 739 5

139 767 239 818 tutem
267 759 397 818 accendi.
443 759 564 818 Scilicet
592 777 652 816 non
682 777 780 816 ceram
812 759 896 816 illam
925 778 1021 835 neque

140 840 270 915 figuram
292 846 410 897 tantam
432 841 494 897 vim
517 841 550 897 in
572 857 638 896 sese
661 839 781 910 habere,
802 840 854 897 sed
876 841 1022 898 memorie

139 937 242 978 rernm
271 927 427 996 gestarum
456 938 522 978 eam
546 919 701 976 flammam
732 921 865 995 egregiis
887 921 961 978 viris
990 922 1020 978 in

139 1009 262 1076 pectore
291 1019 424 1059 crescere
446 1019 543 1076 neque
565 1001 651 1075 prins
678 1001 787 1070 sedari,
810 1019 902 1076 quam
924 1003 1021 1058 virtus

139 1100 245 1138 eorum
274 1081 385 1140 samam
415 1087 506 1158 atque
535 1081 664 1156 gloriam
694 1081 920 1157 adaequaverit.
977 1083 1022 1138 At
1038 1083 1074 1140 10

139 1169 247 1220 contra
262 1164 330 1237 quis
344 1168 392 1220 est
406 1163 540 1220 omnium
555 1161 599 1218 eis
614 1161 757 1229 moribus,
771 1162 845 1236 quin
860 1161 976 1220 divitiis
990 1168 1021 1219 et

140 1243 322 1318 sumptibus,
336 1260 397 1301 non
410 1243 560 1317 probitate
573 1260 669 1316 neque
686 1243 838 1300 industria
849 1260 916 1299 cum
933 1245 1022 1317 majo·

139 1323 225 1380 ribus
250 1325 313 1380 suis
334 1321 520 1380 contendat?
564 1322 670 1379 Etiam
697 1322 836 1379 homines
865 1323 945 1394 novi,
969 1323 1021 1398 qni

141 1415 233 1461 antea
248 1422 301 1478 per
315 1405 459 1461 virtutem
475 1403 557 1460 soliti
578 1408 665 1460 erant
690 1404 882 1460 nobilitatem
901 1410 1022 1460 anteve·

139 1485 215 1553 nire,
241 1485 345 1542 furtim
374 1489 406 1541 et
429 1502 482 1559 per
504 1483 666 1540 latrocinia
685 1484 788 1558 potius
814 1501 906 1559 quam
931 1483 1020 1540 bonis
1037 1486 1073 1543 15

140 1565 257 1621 artibus
279 1565 318 1622 ad
339 1565 465 1639 imperia
493 1570 524 1620 ct
553 1563 682 1620 honores
713 1565 869 1620 nituntur:
892 1564 1018 1638 proinde

139 1645 228 1720 quasi
256 1651 399 1721 praetura
433 1650 464 1702 et
492 1644 669 1701 consulatus
706 1649 795 1719 atque
831 1644 891 1701 alia
920 1645 1022 1701 omnia
1096 1668 1111 1684 κ

139 1725 265 1799 hujusce
281 1725 363 1783 modi
378 1742 431 1801 per
446 1743 478 1782 se
493 1725 559 1800 ipsa
582 1724 663 1781 clara
678 1729 709 1780 et
724 1723 885 1799 magnifica
900 1724 969 1795 sint,
987 1743 1021 1782 ac

139 1823 201 1863 non
219 1807 343 1882 perinde
361 1806 539 1874 habeantur,
556 1811 590 1860 nt
605 1823 719 1873 eorum,
736 1806 839 1880 quiea
858 1806 1019 1874 sustinent,

139 1885 238 1943 virtus
254 1892 308 1944 est.
352 1887 467 1943 Verum
483 1904 540 1958 ego
556 1885 681 1941 liberius
702 1885 854 1960 altiusque
877 1887 1019 1960 processi,
1036 1889 1073 1944 20

140 1965 212 2023 dum
234 1985 281 2024 me
304 1967 439 2024 civitatis
461 1983 580 2023 morum
602 1965 686 2041 piget
707 1966 878 2040 taedetque.
930 1965 1021 2023 Nunc

140 2047 180 2103 ad
196 2047 350 2123 inceptum
365 2047 460 2105 redeo

181 2129 207 2185 5.
231 2127 350 2184 Bellum
373 2127 543 2202 scripturus
562 2144 638 2195 sum,
656 2125 737 2202 quod
760 2127 892 2202 populus
908 2126 1021 2184 Roma·

140 2225 199 2264 nus
214 2226 280 2264 cum
292 2208 312 2266 J
316 2208 527 2282 ugurtharege
539 2207 744 2264 Numidarum
758 2209 870 2282 gessit3
886 2208 1017 2282 primum

139 2287 213 2364 quia
228 2306 372 2362 magnum
388 2295 418 2346 et
433 2289 675 2363 atroxvariaque
691 2289 821 2345 victoria
836 2288 900 2358 fuit,
913 2287 1020 2345 dehinc
1036 2291 1073 2347 25

139 2369 213 2444 quia
222 2374 294 2425 tunc
308 2369 439 2444 primum
450 2369 606 2442 superbiae
622 2368 792 2425 nobilitatis
804 2368 926 2425 obviam
943 2369 1020 2424 itum

139 2455 204 2521 est;
228 2467 304 2523 quae
326 2449 480 2506 contentio
499 2449 604 2505 divina
621 2453 652 2506 et
671 2448 805 2505 humana
827 2454 936 2505 cuncta
957 2466 1022 2522 per-

139 2528 264 2586 miscuit
273 2547 368 2604 coque
378 2529 535 2586 vecordiae
548 2529 703 2603 processit,
715 2534 749 2585 ut
760 2529 871 2586 studiis
881 2529 1021 2586 civilibus

139 2609 254 2667 bellurn
276 2609 367 2684 atque
388 2610 519 2667 vastitas
543 2609 653 2666 Italiae
678 2609 768 2665 linem
792 2610 913 2667 faceret.
959 2609 1019 2667 Sed

139 2691 226 2764 prius
254 2708 346 2766 quam
375 2690 498 2764 hujusce
527 2689 610 2746 modi
638 2689 681 2746 rei
711 2689 832 2746 initium
861 2689 1020 2765 expediam
1036 2693 1073 2748 30

138 2786 238 2845 pauca
259 2788 351 2846 supra
369 2777 585 2847 repetamque
602 2770 640 2826 ad
656 2770 901 2842 cognoscendum
918 2769 1020 2827 omnia

139 2850 272 2907 illustria
286 2851 386 2926 magis
400 2852 559 2926 magisque
576 2851 606 2907 in
623 2855 729 2925 aperto
746 2851 815 2906 sint.

181 2930 267 2987 Bello
284 2932 399 2989 Punico
415 2930 628 3006 secundaque
644 2932 705 2988 dux
717 2929 1019 3006 Carthaginiensium

141 3010 298 3068 Hannibal
312 3017 382 3088 post
397 3012 642 3086 magnitudinem
660 3012 795 3069 nominis
811 3011 942 3068 Romani
958 3011 1020 3067 Ita

140 3091 199 3147 liae
214 3110 286 3167 opes
302 3110 441 3150 maxume
463 3093 633 3164 attriverat,
650 3092 817 3150 Masinissa
839 3110 892 3148 rex
915 3091 1020 3148 Numi-
1034 3095 1071 3150 35

140 3171 248 3228 darum
277 3174 308 3229 in
338 3174 504 3231 amicitiam
533 3179 672 3249 receptus
699 3191 716 3229 a
739 3173 772 3231 P.
799 3172 948 3248 Scipione,
972 3172 1019 3228 cui

139 3258 249 3327 postea
264 3254 410 3311 Africano
426 3272 595 3327 cognomen
611 3271 648 3310 ex
663 3253 776 3310 virtute
793 3253 860 3322 fuit,
877 3252 973 3309 multa
988 3258 1019 3308 et

140 3334 295 3406 praeclara
317 3335 360 3391 rei
389 3335 530 3390 militaris
559 3334 693 3390 facinora
722 3333 851 3403 fecerat3
882 3333 919 3388 ob
941 3349 1017 3405 quae

140 3412 232 3471 victis
249 3414 558 3490 Carthaginiensibus
572 3417 603 3469 et
615 3418 704 3485 capto
721 3410 870 3485 Syphace,
887 3412 971 3483 cujus
986 3410 1018 3464 in
