2322 3718
85 119 146 182 106
366 132 396 180 o.
422 131 602 178 sununsrr
629 131 751 179 cnrser

137 291 218 348 Huic
240 291 354 348 homini
374 308 436 348 non
450 291 549 347 minor
563 290 684 347 vanitas
701 291 800 348 inerat
814 310 907 366 quam
923 294 1018 352 auda·

135 372 200 444 eia;
228 390 324 447 neque
346 372 477 438 reticere,
501 388 578 444 quae
601 371 748 440 audierat,
776 389 873 446 neque
895 381 1019 432 suamet

135 453 199 526 ipse
222 453 334 508 scelera
355 451 514 518 occultare,
531 468 654 525 prorsus
676 469 772 526 neque
794 453 893 510 dicere
917 472 1016 528 neque

135 532 231 589 facere
241 532 401 606 quiequam
412 531 498 605 pensi
509 529 648 587 habebat.
692 531 769 588 Erat
777 533 804 588 ei
815 550 882 588 oum
894 533 1015 606 Fulvia,

102 613 260 670 5muliere
283 611 384 682 nobili,
413 611 510 685 stupri
535 618 624 668 vetus
646 613 853 686 consuetud03
875 613 923 670 cui
945 633 1017 672 cum

136 693 237 750 minus
258 699 365 767 gratus
380 696 470 761 esset,
487 691 560 766 quia
575 691 678 766 inopia
694 692 793 749 minus
809 693 911 766 largiri
929 701 1016 767 pote-

135 778 189 842 rat,
220 778 341 848 repente
376 772 511 846 glorians
547 771 642 828 maria
670 780 849 847 montesque
878 775 1015 849 polliceri

135 853 233 927 coepit
258 859 288 910 et
316 852 426 909 minari
455 852 608 909 interdum
638 852 725 922 ferro,
746 853 778 910 ni
800 853 860 909 sibi
882 855 1016 911 obnoxia

136 933 229 1006 foret;
251 939 405 1008 postremo
421 933 540 1006 agitare
556 932 685 989 ferocius
699 950 791 1007 quam
813 932 924 990 solitus
938 942 1014 992 erat.

84 1015 120 1070 10
136 1013 180 1069 At
196 1013 308 1070 Fulvia
322 1013 501 1070 insolentiae
519 1013 593 1071 Ouri
609 1030 702 1069 causa
717 1013 923 1086 cognitatem
938 1017 1017 1090 peri-

135 1093 235 1150 culum
255 1095 297 1150 rei
313 1094 451 1168 publicae
470 1093 552 1150 haud
569 1093 719 1150 occultum
736 1092 850 1164 babuit,
867 1095 930 1164 sed,
947 1097 1017 1152 sub

135 1171 198 1230 lato
208 1180 337 1243 auctore,
354 1175 390 1231 de
408 1173 561 1231 Oatilinae
578 1173 793 1248 conjuratione,
804 1191 881 1249 quae
894 1193 1015 1250 quoqne

135 1254 225 1311 modo
251 1255 396 1325 audierat,
417 1253 624 1330 compluribus
649 1254 793 1311 narravit.
837 1254 885 1310 Ea
909 1273 957 1312 res
983 1256 1016 1312 in

135 1333 241 1407 primis
269 1335 372 1393 studia
401 1333 558 1392 hominum
589 1334 726 1391 accendit
754 1334 792 1391 ad
821 1336 1015 1392 consulatum

85 1416 119 1472 15
135 1416 342 1472 mandandum
371 1414 414 1472 M.
432 1414 533 1471 Tullio
559 1413 705 1472 Oieeroni.
754 1414 895 1490 Namque
925 1422 1016 1474 antea

134 1494 277 1570 pleraque
294 1495 436 1553 nobilitas
451 1495 571 1568 invidia
587 1495 755 1564 aestuabat,
767 1502 799 1552 et
812 1496 899 1570 quasi
919 1496 1015 1570 pollui

135 1577 326 1633 consulatum
356 1577 527 1648 credebant,
552 1575 579 1632 si
608 1593 677 1632 cum
707 1577 848 1650 quamvis
871 1578 1014 1650 egregius

137 1655 226 1712 homo
255 1674 353 1713 novus
382 1657 510 1732 adeptus
546 1655 632 1712 foret.
677 1654 737 1713 Sed
763 1655 815 1712 ubi
843 1657 1011 1732 periculum

136 1735 269 1805 advenit,
286 1737 403 1793 invidia
418 1743 509 1812 atque
527 1735 670 1810 superbia
689 1741 761 1810 post
781 1737 872 1794 fuere.
886 1747 1000 1814 sasp-

83 1817 120 1872 20
177 1819 222 1874 24.
245 1817 345 1892 Igitur
357 1818 488 1874 comitiis
501 1815 961 1874 habitisconsulesdeclarantur
969 1817 1012 1874 M.

137 1896 256 1954 Tullius
268 1898 339 1956 etO.
350 1897 415 1954 Ant
417 1898 505 1954 onius
508 1897 605 1971 ,quod
618 1897 732 1954 factum
745 1897 842 1972 primo
854 1897 1013 1973 populares

136 1979 351 2051 conjurationis
370 1983 573 2035 concusserat.
619 1976 726 2051 Neque
746 1983 847 2033 tamen
865 1977 1012 2036 Catilinae

135 2058 218 2115 furor
239 2059 438 2125 minuebatur,
456 2058 562 2114 sedin
586 2058 651 2116 dies
673 2057 761 2131 plura
783 2059 908 2132 agitare,
931 2075 1013 2114 arma

136 2157 189 2214 per
211 2136 335 2195 Italiam
357 2139 431 2196 locis
447 2139 627 2214 opportunis
647 2155 763 2213 parare,
779 2137 937 2212 perunum
959 2155 1013 2195 sua

84 2225 120 2281 25
137 2226 190 2276 aut
212 2220 376 2277 amicorum
399 2219 455 2276 lide
478 2225 632 2293 sumptam
654 2225 791 2276 mutuam
809 2217 955 2309 QQldS
975 2219 1013 2275 ad

137 2299 287 2356 Manlium
303 2301 453 2376 quendam
469 2307 598 2375 portare,
615 2299 666 2374 qni
681 2305 750 2374 post
752 2316 788 2354 ea
802 2298 942 2374 princeps
957 2299 1014 2356 suit

136 2381 207 2436 belli
230 2381 371 2438 faciundi.
417 2381 463 2436 Ea
492 2385 673 2453 tempestate
703 2378 848 2452 plurimos
870 2381 1013 2453 cujusque

137 2462 255 2535 generis
285 2462 422 2518 homines
452 2460 619 2518 adscivisse
648 2459 706 2516 sibi
729 2459 847 2529 dieitur,
874 2459 1014 2516 mulieres

137 2542 228 2597 etiam
250 2543 371 2617 aliquot,
388 2559 465 2617 quae
487 2541 584 2616 primo
599 2541 740 2615 ingentes
754 2544 895 2613 sumptus
910 2546 1014 2614 stupro

85 2627 122 2680 30
137 2621 269 2696 corporis
291 2622 503 2691 toleraverant,
528 2627 598 2697 post
619 2620 671 2677 ubi
695 2626 781 2676 aetas
802 2620 1014 2677 tantummodo

138 2702 277 2778 quaestui
288 2721 384 2778 neque
397 2703 534 2759 luxuriae
549 2700 674 2758 modum
686 2702 805 2769 fecerat,
817 2717 868 2755 aes
884 2699 1014 2766 alienum

138 2783 252 2856 grande
268 2783 480 2852 conflaverant.
526 2782 585 2839 Per
600 2799 652 2838 eas
669 2799 700 2838 se
718 2780 851 2838 Catilina
874 2779 1015 2836 credebat
1060 2790 1062 2794 '

138 2881 226 2938 posse
250 2863 376 2920 servitia
392 2863 508 2919 urbana
531 2862 702 2930 sollicitare,
721 2861 824 2917 urbem
844 2860 1012 2929 incendere,

139 2944 221 3000 viros
235 2962 338 3000 earum
357 2943 404 3000 vel
421 2945 585 3016 adjungere
601 2943 659 2999 sibi
675 2941 722 2998 vel
738 2939 912 3002 interficere.

39 3026 41 3028 ’
86 3028 122 3082 35
180 3027 225 3083 25.
251 3024 310 3082 Sed
326 3025 356 3080 in
372 3024 416 3080 eis
431 3031 497 3080 erat
513 3023 699 3098 Sempronia,
716 3040 792 3097 qnae
809 3021 905 3077 multa
925 3038 1015 3094 saepe

141 3105 234 3161 virilis
257 3105 399 3161 audaciae
415 3103 548 3160 facinora
563 3103 763 3159 commiserat.
808 3101 894 3158 Haec
909 3100 1017 3156 mulier

140 3203 249 3257 genere
266 3189 356 3258 atque
373 3184 646 3257 forma-praeterea
662 3183 735 3248 viro,
747 3182 851 3238 liberis
867 3181 944 3238 satis
960 3182 1017 3238 lor-

140 3270 248 3319 tunata
263 3263 339 3336 fuit3
363 3262 474 3318 litteris
490 3261 615 3319 Graecis
638 3267 668 3318 et
684 3259 806 3317 Latinis
822 3263 920 3332 docta,
935 3261 1018 3335 psal-

140 3342 200 3399 lere
216 3349 247 3398 et
262 3341 371 3398 saltare
384 3342 565 3414 elegantius
582 3359 675 3416 quam
689 3359 812 3398 necesse
828 3348 876 3398 est
896 3343 1017 3417 probae,

1043 3561 1099 3682 l
