2322 3718
337 205 385 253 mr
408 203 530 251 annuo
554 201 816 251 Juouaumuo.
1000 186 1042 254 ta

107 368 191 443 lique
212 364 330 422 ducem.
374 362 494 437 Marius
517 379 587 420 cum
610 359 725 436 Ligure
749 361 902 436 promissa
925 363 991 436 ejus

108 446 268 521 cognitum
282 461 320 501 ex
335 442 545 518 praesentibus
560 441 663 512 misit3
686 458 814 515 quorum
830 441 876 498 uti
892 443 991 515 cujus-

108 545 168 602 que
189 525 444 599 ingeniumerat,
460 523 505 578 ita
526 539 589 579 rem
614 521 764 578 difficilem
791 527 845 578 aut
874 521 992 579 facilem

108 606 299 664 nuntiavere,
344 602 487 661 Consulis
517 602 639 659 animus
668 608 772 658 tamen
796 601 921 676 paulum
951 620 995 660 ar-

107 694 220 745 rectus.
264 683 374 758 Itaque
395 701 432 741 ex
454 682 540 756 copia
555 680 725 738 tubicinum
751 686 783 738 et
804 684 992 740 cornicinum
1028 686 1046 742 5

110 782 237 824 numero
253 764 385 839 quinque
402 780 493 837 quam
510 761 732 818 velocissumos
749 761 866 836 delegit
880 769 911 820 et
925 781 993 820 cum

110 847 164 916 eis,
180 843 336 920 praesidio
356 843 407 919 qui
432 843 538 910 forent,
556 847 702 916 quattuor
718 843 918 913 centuriones,
936 861 996 900 om·

111 943 227 999 aesque
243 922 350 998 Liguri
368 940 471 1000 parcre
482 921 570 996 jubet
584 930 616 979 et
630 922 659 978 ei
673 919 799 997 negotio
814 939 995 998 proxumum

110 1007 190 1064 diem
206 1004 373 1062 constituit.

155 1087 201 1143 94.
226 1083 286 1141 Sed
302 1083 352 1139 ubi
372 1101 410 1140 ex
430 1087 594 1158 praecepto
617 1087 740 1157 tempus
755 1081 864 1153 visum,
879 1085 996 1158 paratis
1012 1086 1049 1142 10

111 1165 352 1240 compositisque
368 1163 509 1220 omnibus
526 1163 564 1219 ad
583 1163 680 1219 locum
698 1162 806 1237 pergit.
851 1163 994 1221 Ceterum

111 1247 166 1316 illi,
189 1245 242 1320 qui
268 1244 422 1301 ascensuri
449 1249 545 1313 erant,
569 1242 725 1317 praedocti
751 1243 789 1300 ab
811 1242 895 1314 duce,
913 1261 997 1301 arma

112 1333 316 1399 ornatumque
326 1329 533 1392 mutaverant,
546 1323 646 1397 capite
657 1332 747 1398 atque
758 1323 887 1398 pedibus
896 1324 996 1395 nudis,

113 1407 160 1464 uti
171 1411 353 1481 prospectus
365 1404 510 1478 nisusque
526 1421 579 1478 per
591 1421 666 1460 saxa
677 1403 796 1460 facilius
806 1405 896 1478 foret3
909 1422 999 1478 super

112 1494 203 1560 terga
218 1485 313 1559 gladii
329 1491 360 1541 et
376 1489 472 1553 scuta,
491 1500 597 1540 verum
613 1501 650 1540 ea
665 1482 827 1541 Numidica
842 1501 879 1541 ex
899 1484 996 1554 coriis,
1015 1487 1050 1545 15

111 1565 256 1643 ponderis
276 1564 377 1638 gratia
400 1563 492 1621 simul
515 1569 546 1621 et
567 1563 680 1621 offensa
695 1580 754 1639 quo
774 1563 873 1621 levius
889 1572 999 1640 strepe-

113 1654 189 1705 rent.
235 1644 336 1720 Igitur
361 1643 577 1719 praegrediens
604 1643 701 1718 Ligus
724 1661 800 1702 saxa
821 1651 852 1702 et
876 1645 999 1720 siquae

113 1731 255 1786 vetustae
269 1726 386 1783 radices
398 1725 576 1782 eminebant
588 1724 705 1798 laqueis
715 1725 877 1795 vinciebat,
889 1726 999 1800 quibus

114 1807 239 1866 allevati
255 1807 369 1864 milites
396 1805 515 1863 facilius
532 1805 735 1875 escenderent,
751 1805 903 1863 interdum
918 1806 998 1863 timi-

94 1924 97 1928 ·
115 1891 172 1947 dos
187 1888 349 1945 insolentia
366 1886 483 1943 itineris
499 1886 600 1942 levare
617 1903 727 1960 manu3
743 1886 792 1942 ubi
809 1886 899 1962 paulo
915 1904 999 1961 aspe-
1015 1888 1052 1944 20

114 1971 177 2027 rior
189 1967 354 2025 adscensus
362 1974 437 2033 erat,
447 1966 585 2040 singulos
595 1983 666 2041 prae
680 1983 712 2022 se
724 1966 855 2023 inermos
868 1966 997 2035 mittere,

115 2049 226 2108 deinde
246 2049 311 2124 ipse
332 2065 400 2105 cum
425 2046 544 2103 illorum
568 2046 661 2103 armis
682 2046 789 2121 sequi;
811 2063 887 2121 quae
907 2045 1000 2103 dubia

116 2129 199 2188 nisui
215 2129 404 2195 videbantur,
430 2127 620 2203 potissumus
643 2132 801 2201 temptare,
817 2145 852 2184 ac
878 2127 1000 2202 saepius

118 2211 224 2267 eadem
236 2208 423 2266 adscendens
435 2208 691 2281 descendensque,
700 2207 768 2264 dein
784 2207 887 2264 statim
905 2207 1001 2282 digre-

116 2292 212 2356 diens
226 2290 333 2346 ceteris
345 2288 503 2346 audaciam
517 2288 636 2345 addere.
681 2287 782 2362 Igitur
792 2287 843 2344 diu
859 2287 1000 2344 multum·
1015 2289 1051 2344 25

117 2388 177 2446 que
191 2370 313 2441 fatigati
328 2369 452 2426 tandem
469 2368 499 2424 in
516 2367 676 2425 castellum
693 2367 885 2442 perveniunt,
902 2368 1000 2424 deser-

117 2457 183 2508 tum
200 2450 238 2507 ab
252 2469 288 2506 ea
302 2455 396 2524 parte,
414 2449 492 2523 quod
511 2465 626 2516 omnes,
642 2448 721 2504 sicut
742 2447 811 2504 aliis
827 2447 1002 2516 diebussad-

118 2547 243 2588 vorsum
259 2529 363 2587 hostes
373 2529 506 2586 aderant.
552 2528 671 2585 Marius
684 2527 735 2584 ubi
748 2545 784 2584 ex
796 2527 913 2584 nuntiis
923 2545 1000 2603 quae

118 2610 217 2682 Ligus
232 2616 336 2684 egerat
351 2609 503 2682 coguovit,
523 2627 707 2683 quamquam
724 2613 788 2665 toto
804 2607 851 2664 die
867 2607 1001 2665 intentos

118 2690 235 2766 proelio
263 2690 415 2747 Numidas
444 2688 601 2756 habuerat,
632 2697 697 2745 tum
721 2705 793 2746 vero
822 2687 1000 2745 cohortatus
1016 2689 1053 2744 30

120 2771 234 2827 milites
249 2775 279 2827 et
294 2770 357 2844 ipse
372 2775 457 2826 extra
472 2769 578 2824 vineas
593 2785 747 2841 egressus,
764 2767 920 2826 testudine
933 2774 1000 2825 acta

122 2850 281 2908 succedere
296 2855 328 2907 et
347 2849 437 2906 simul
460 2848 577 2905 hostem
594 2849 756 2905 tormentis
772 2848 1000 2923 sagittariisque

119 2938 152 2986 et
166 2930 372 2987 funditoribus
387 2929 506 2986 eminus
520 2934 641 2985 terrere.
685 2928 730 2985 At
740 2927 895 2986 Numidae
910 2946 1000 3004 saepe

120 3017 211 3068 antea
225 3009 322 3067 vineis
343 3009 550 3067 Romanorum
573 3008 740 3079 subvorsis,
762 3009 835 3066 item
857 3009 998 3078 incensis,

120 3108 182 3147 non
192 3089 307 3148 castelli
323 3091 481 3147 moenibus
497 3107 562 3145 sese
577 3088 767 3158 tutabantur,
779 3088 831 3146 sed
848 3107 903 3164 pro
913 3106 1001 3145 muro
1016 3089 1053 3145 35

120 3171 188 3228 dies
199 3178 361 3246 noctesque
372 3170 498 3244 agitare,
507 3168 685 3225 maledicere
696 3168 846 3226 Romanis
859 3186 893 3225 ac
901 3168 1000 3225 Mario

120 3251 295 3307 vecordiam
324 3250 483 3322 objectare,
507 3248 654 3304 militibus
682 3248 794 3304 nostris
822 3247 999 3320 Jugurthae

121 3330 280 3388 servitium
302 3329 420 3396 minari,
438 3329 581 3386 secundis
595 3327 685 3382 rebus
706 3324 820 3382 feroces
834 3344 908 3382 esse.
953 3326 1002 3382 ln·

119 3411 209 3468 terim
217 3409 358 3467 omnibus
366 3406 722 3480 Romanisbostibusque
734 3404 994 3478 proeliointentis,
