2346 3718
102 157 143 222 74
375 170 404 218 o.
428 169 610 216 sunnusrr
636 169 757 220 earam

154 329 197 387 Et
211 329 355 403 profecto,
369 328 417 384 dis
424 327 613 402 juvantibus
627 327 728 384 omnia
742 334 863 384 matura
878 333 957 396 sunt,
971 327 1032 384 vic-

152 409 240 480 toria,
256 409 376 483 praeda,
389 409 470 465 laus:
487 426 565 482 quae
582 408 607 464 si
623 408 716 464 dubia
731 414 785 464 aut
799 407 903 482 procul
917 414 1029 478 essent,

151 496 255 547 tamen
271 493 376 547 omries
391 489 487 545 bonos
503 487 545 544 rei
559 487 697 562 publicae
713 488 873 544 subvenire
895 488 1029 546 decebat.

154 570 275 627 Etenim
291 587 379 626 nemo
395 568 521 643 ignavia
541 567 720 624 immortalis
742 568 840 624 lactus
861 573 1030 643 estusque

119 650 136 706 5
153 651 314 725 quisquam
331 667 441 723 parens
457 648 568 718 liberis,
585 649 628 704 uti
647 649 762 704 aeterni
777 649 884 720 forent,
901 649 1030 723 optavit,

153 731 253 804 magis
269 731 314 788 uti
328 730 400 786 boni
417 729 597 802 honestique
613 729 709 784 vitam
728 729 892 802 exigerent.
937 728 1031 785 Plura

153 811 291 880 dicerem,
309 809 452 882 Quirites,
476 810 500 865 si
523 809 640 865 timidis
663 809 806 866 virtutem
830 810 922 866 verba
944 809 1032 866 adde·

152 897 237 948 rent:
259 909 330 947 narn
346 889 479 947 strenuis
495 889 614 946 abunde
630 889 744 946 dictum
758 890 862 966 puto.'’

193 973 238 1028 86.
264 971 399 1044 Hujusce
415 969 498 1027 modi
522 970 658 1027 oratione
682 968 788 1026 habita
810 967 938 1041 Marius,
950 975 1031 1045 post

102 1053 136 1109 lo
151 1068 244 1125 quam
266 1051 364 1126 plebis
385 1050 505 1107 animos
531 1057 662 1107 arrectos
687 1050 780 1119 videt,
806 1067 932 1126 propere
954 1068 1031 1107 oom-

153 1137 264 1201 meatu,
295 1131 468 1206 stipendio‚‘
488 1131 581 1187 armis
614 1131 743 1207 aliisque
774 1130 902 1187 utilibus
936 1147 1030 1188 naves

154 1217 277 1284 onerat;
305 1229 373 1268 cum
400 1210 448 1267 his
477 1210 516 1268 A.
542 1210 694 1267 Manlium
722 1211 856 1286 legatum
883 1211 1031 1287 proficisci

156 1291 250 1363 jubet.
294 1291 364 1367 Ipse
379 1291 495 1348 interea
514 1291 628 1348 milites
644 1291 782 1362 scribere,
799 1310 859 1348 non
875 1309 956 1348 more
971 1309 1032 1348 ma·

156 1373 255 1444 jorum
280 1389 378 1446 neque
397 1390 435 1429 ex
456 1371 615 1441 classibus,
633 1373 686 1429 sed
702 1372 747 1430 uti
768 1373 912 1447 cujusque
928 1372 1030 1429 lubido

103 1454 137 1510 15
154 1456 228 1521 erat,
241 1453 338 1526 capite
352 1469 459 1510 censos
470 1452 638 1528 plerosque.
683 1451 720 1509 Id
732 1453 845 1509 factum
863 1452 915 1509 alii
929 1451 1031 1526 inopia

154 1533 311 1604 bonorum,
325 1533 377 1589 alii
392 1549 444 1606 per
457 1532 656 1589 ambitionem
668 1532 802 1590 consulis
812 1533 1029 1603 memorabant,

154 1611 235 1687 quod
257 1614 295 1669 ab
318 1631 353 1669 eo
377 1631 487 1686 genere
508 1612 679 1670 celebratus
703 1619 870 1688 auctusque
892 1619 973 1686 erat3
1001 1617 1032 1669 et

155 1691 271 1748 homini
293 1693 464 1767 potentiam
487 1692 644 1768 quaerenti
662 1693 890 1768 egentissumus
905 1693 1031 1768 quisque

155 1773 451 1848 opportunissumus
468 1773 516 1831 cui
530 1791 628 1849 neque
650 1791 706 1830 sua
727 1792 805 1842 cara,
822 1773 933 1848 quippe
955 1791 1031 1848 quae

102 1856 139 1912 20
154 1853 239 1909 nulla
260 1859 340 1921 sunt,
356 1860 387 1910 et
409 1854 509 1910 omnia
530 1871 599 1911 eum
621 1853 720 1928 pretio
736 1853 865 1910 honesta
879 1854 1029 1910 videntur.

155 1933 258 2007 igitur
272 1933 391 1990 Marius
406 1951 475 1990 cum
490 1933 646 2009 aliquanto
661 1935 772 2007 majore
792 1951 925 2003 numero,
941 1951 1032 2008 quam

154 2013 309 2071 decretum
331 2020 404 2082 erat,
421 2013 452 2069 in
468 2014 606 2071 Africam
627 2014 779 2088 profectus
799 2014 905 2087 paucis
926 2014 1032 2070 diebus

156 2093 279 2151 Uticam
296 2093 466 2150 advehitur.
511 2093 671 2150 Exercitus
692 2094 719 2150 ei
741 2093 904 2150 traditura
921 2093 955 2150 P.
972 2093 1033 2151 Itu-

155 2175 221 2232 tilio
234 2174 352 2247 legato:
370 2191 440 2229 narn
453 2173 597 2230 Metellus
608 2179 800 2248 conspectum
813 2173 891 2230 Mari
903 2175 1031 2248 fugerat,

103 2257 139 2313 25
155 2273 192 2311 ne
208 2253 326 2311 videret
348 2271 393 2324 ea,
410 2260 487 2328 qua'e
511 2254 617 2310 audita
640 2255 760 2310 animus
781 2253 911 2312 tolerare
932 2255 1034 2329 nequi-

156 2339 251 2392 verat,

196 2412 242 2471 87.
268 2412 328 2472 sed
344 2413 447 2471 consul
464 2413 592 2489 expletis
607 2413 779 2489 legionibus
797 2414 1033 2489 cohortibusque

157 2493 327 2551 auxiliariis
352 2494 383 2550 iu
410 2511 516 2568 agrurn
542 2494 672 2550 fertilem
695 2500 726 2551 et
749 2496 862 2570 praeda
890 2501 1033 2552 onustum

156 2573 374 2650 proficiscitur3
390 2574 492 2630 omnia
506 2574 545 2630 ibi
563 2579 654 2649 capta
668 2575 818 2632 militibus
833 2576 927 2632 donat
940 2597 946 2648 3
963 2574 1033 2632 dein

104 2659 141 2712 30
157 2655 281 2711 castella
295 2661 327 2711 et
342 2654 452 2729 oppida
468 2660 576 2710 nature
595 2660 627 2711 et
642 2654 715 2711 viris
729 2674 836 2731 parum
850 2656 969 2712 munita
984 2673 1035 2729 ag-

157 2735 313 2808 greditur3
343 2735 458 2809 proelia
483 2735 587 2804 multa,
612 2741 748 2792 ceterum
773 2736 862 2805 levia,
884 2735 945 2792 alia
966 2735 1034 2792 aliis

158 2815 232 2872 locis
245 2815 350 2871 facere.
381 2815 509 2872 Interim
522 2815 594 2871 novi
606 2815 718 2872 milites
734 2817 799 2873 sine
814 2822 898 2873 metu
912 2834 1034 2890 pugnae

158 2895 282 2966 adesse;
305 2894 406 2950 videre
430 2895 583 2968 fugientes
606 2896 673 2969 capi
697 2901 750 2953 aut
771 2895 876 2967 occidi,
900 2897 1035 2953 fortissu-

158 2993 242 3032 mum
264 2992 413 3049 quemque
436 2975 645 3045 tutissumum,
662 2975 755 3033 armis
777 2977 958 3045 libertatem,
981 2995 1034 3051 pa-

105 3059 141 3113 35
157 3056 248 3112 triam
264 3061 465 3129 parentesque
477 3060 508 3110 et
523 3055 584 3110 alia
597 3055 700 3112 omnia
715 3056 786 3131 tegi,
799 3058 927 3131 gloriam
944 3062 1035 3130 atque

159 3136 284 3192 divitias
307 3134 418 3209 quaeri.
464 3131 513 3191 Sic
535 3135 618 3190 brevi
643 3137 742 3210 spatio
764 3137 835 3193 novi
859 3143 1035 3211 veteresque

158 3215 296 3272 coaluere
311 3220 342 3269 et
354 3214 452 3270 virtus
464 3214 599 3270 omnium
613 3217 748 3289 aequalis
760 3216 848 3274 facta.
882 3216 927 3276 At
937 3235 1034 3291 reges,

159 3293 262 3350 ubido
278 3293 410 3348 adventu
426 3293 506 3348 Mari
529 3301 745 3366 cognoverunt,
761 3295 874 3352 divorsi
900 3297 930 3353 in
953 3296 1036 3354 locos

160 3372 294 3430 difficiles
310 3372 431 3429 abeunt.
476 3370 526 3426 Ita
539 3371 712 3445 Jugurthae
728 3376 885 3450 placuerat
899 3376 1035 3452 speranti
