2346 3718
388 175 435 221 nr
461 175 582 224 annno
607 178 865 230 Jueuarmuo.
1051 167 1094 230 49

159 333 282 403 bantur,
294 350 390 408 neque
401 340 506 390 contra
516 335 648 391 feriundi
659 343 712 394 aut
722 339 901 396 conserendi
916 357 1041 398 manum

158 413 249 488 copia
269 420 352 470 erat:
375 417 526 488 sotejam
551 416 634 472 docti
664 418 702 474 eb
724 418 745 476 J
749 419 885 492 ugurtha
912 420 1040 494 equiteS,

158 494 212 550 ubi
230 494 439 550 Romanorum
455 501 556 552 turmo
571 496 691 571 insequi
701 507 849 572 coeperat,
861 517 920 556 non
932 501 1043 558 confer-

156 575 217 631 tim
240 591 336 648 neque
359 574 389 630 in
411 592 504 630 unum
521 594 587 632 sese
603 578 798 652 recipiebant,
816 581 870 636 scd
887 580 965 637 alius
981 582 1041 639 alio

157 672 252 730 quam
275 672 415 711 maxume
431 655 554 712 divorsi.
599 657 649 713 Ita
671 676 796 716 numero
819 661 944 734 priores
961 662 987 717 si
1003 663 1040 719 ab
1076 665 1094 722 5

156 736 368 811 persequendo
384 734 486 791 hostes
502 736 653 794 deterrere
670 740 879 813 nequiverant,
898 741 1041 816 disjectos

156 818 197 873 ab
213 823 300 890 tergo
316 821 370 872 aut
391 815 537 873 lateribus
553 817 850 894 circumveniebant;
872 822 920 878 sin
936 841 1042 898 oppor-

154 897 263 955 tunior
278 897 367 970 fugae
383 895 468 955 collis
484 915 573 972 quam
592 899 692 973 compi
710 899 817 972 fuerat,
834 919 870 964 ca
886 920 958 959 vero
972 922 1041 960 con-

155 978 239 1034 sueti
256 976 284 1033 N
289 976 459 1033 umidarum
469 979 538 1051 equi
557 979 643 1035 facile
661 980 740 1036 inter
750 981 1040 1058 virgultuevadere;

155 1066 282 1116 nostros
298 1057 447 1134 asperitas
462 1064 492 1114 et
507 1058 672 1116 insolentia
688 1060 745 1117 loci
760 1063 917 1120 retinebat.
1057 1064 1093 1122 10

200 1141 245 1197 51.
271 1139 413 1197 Ceterum
435 1138 527 1196 facies
550 1141 647 1196 totius
672 1143 777 1215 negoti
799 1143 891 1213 varia,
915 1143 1039 1214 incerta,

155 1221 247 1278 foeda
257 1227 347 1296 atque
363 1219 561 1278 miserabilis:
585 1221 713 1295 dispersi
726 1241 744 1278 a
759 1223 822 1280 suis
837 1241 909 1298 pars
925 1225 1038 1293 cedere,

153 1302 210 1359 alii
232 1301 360 1376 insequi,
378 1319 475 1376 neque
498 1301 702 1376 signansque
720 1303 840 1360 ordines
856 1305 1037 1378 observare;

152 1382 210 1439 ubi
221 1400 369 1457 quemque
384 1381 550 1457 periculum
567 1389 698 1456 ceperat,
715 1383 757 1439 ibi
773 1384 912 1440 resistere
926 1403 960 1441 ac
974 1402 1040 1458 pro·

152 1461 298 1539 pulsare;
328 1480 418 1531 arma,
435 1462 504 1531 tela,
521 1463 600 1537 equi,
618 1463 684 1531 viri,
703 1462 808 1520 hostes
837 1470 927 1539 utque
957 1465 1038 1522 cives
1056 1465 1091 1523 15

152 1543 315 1618 permixti3
344 1543 418 1599 nihil
448 1543 575 1600 consilio
606 1537 716 1618 neque‘
734 1543 863 1618 imperio
894 1545 953 1619 agi,
976 1546 1037 1602 fors

153 1625 260 1680 omnia
272 1641 383 1697 regere.
426 1623 535 1698 Itaque
547 1623 678 1680 multum
690 1624 749 1681 diei
759 1631 957 1698 processerat,
969 1643 1037 1682 cum

152 1705 250 1761 etiam
266 1713 329 1759 tum
347 1708 475 1761 eventus
491 1705 522 1760 in
538 1704 653 1761 incerto
670 1711 743 1762 erat.
787 1705 926 1780 Denique
942 1706 1038 1762 omni-

153 1785 214 1840 bus
236 1784 336 1841 labore
358 1790 389 1841 et
410 1790 497 1841 aestu
520 1784 675 1858 languidis
699 1785 852 1854 Metellus,
878 1783 931 1842 ubi
953 1786 1038 1842 videt

153 1864 309 1922 Numidas
329 1866 431 1922 minus
453 1865 575 1933 instare,
586 1865 736 1940 paulatim
759 1866 872 1922 milites
895 1867 926 1921 in
942 1884 1034 1922 unum
1052 1867 1089 1922 20

153 1946 306 2016 conducit,
330 1945 450 2002 ordines
475 1947 609 2002 restituit
631 1951 662 2002 et
684 1946 825 2003 cohortes
851 1946 1036 2020 legionarius

153 2034 302 2100 quattuor
317 2027 480 2083 advorsum
502 2027 620 2101 pedites
644 2026 779 2083 hostium
795 2027 931 2084 collocat.
978 2027 1036 2083 Eo-

153 2123 223 2162 rum
239 2124 353 2180 magne
367 2125 437 2182 pars
453 2106 659 2181 superioribus
676 2106 748 2163 locis
758 2107 839 2164 fessa
849 2106 1032 2164 consederat.

156 2185 256 2244 Simul
285 2205 370 2244 orare
398 2193 429 2244 et
451 2186 564 2244 hortari
586 2187 710 2257 milites
735 2205 771 2243 ne
793 2188 956 2245 delicerent
978 2205 1033 2242 neu

153 2273 334 2343 paterentur
362 2267 465 2324 hostes
494 2268 647 2342 fugientes
678 2268 816 2340 vincere3
846 2285 942 2342 neque
973 2266 1034 2323 illis
1051 2268 1087 2325 25

155 2355 257 2404 castra
271 2366 337 2404 esse
353 2366 448 2422 neque
465 2348 687 2404 munimentum
706 2348 809 2416 ullum,
820 2365 879 2422 quo
892 2347 1034 2404 cedentes

154 2428 332 2486 tenderent:
355 2429 385 2484 in
408 2430 500 2484 armis
516 2429 619 2485 omnia
636 2429 704 2485 sita.
750 2426 810 2485 Sed
825 2446 862 2484 ne
877 2427 898 2485 J
902 2428 1035 2501 ugurtha

155 2509 279 2583 quidem
295 2509 410 2565 interea
424 2509 545 2584 quietus
560 2515 643 2565 erat:
667 2508 834 2576 circumire,
851 2508 976 2579 hortari,
993 2525 1035 2564 re·

155 2607 268 2646 novare
303 2589 448 2664 proelium
478 2595 509 2646 et
537 2589 601 2665 ipse
632 2607 699 2646 cum
729 2589 854 2646 delectis
882 2593 1033 2664 temptare

156 2669 268 2739 omnia,
285 2670 447 2726 subvenire
463 2671 535 2738 suis,
548 2670 688 2727 hostibus
704 2669 806 2726 dubiis
821 2670 945 2739 instare,
957 2687 1032 2744 quos
1048 2669 1087 2726 30

156 2750 258 2807 firmos
274 2756 458 2825 cognoverat
473 2751 593 2807 eminus
608 2750 774 2825 pugnando
790 2750 926 2806 retinere.

197 2833 242 2888 52.
267 2831 312 2888 Eo
334 2831 423 2888 modo
446 2831 524 2888 inter
553 2849 584 2888 se
606 2831 666 2888 duo
689 2831 897 2906 imperatores,
923 2828 1033 2886 summi

157 2911 223 2980 viri,
233 2912 398 2981 certabant,
407 2912 464 2987 ipsi
474 2929 571 2986 pares,
582 2922 715 2968 ceterum
728 2911 837 2986 opibus
849 2910 1030 2984 disparibus.

157 2991 237 3048 Num
261 2990 386 3049 Metello
401 2993 499 3062 virtus
521 2993 652 3049 militum
676 2997 750 3060 erat,
766 2991 850 3048 loeus
866 2991 1032 3062 advorsus;

156 3072 329 3146 Jugurthae
360 3072 420 3129 alia
448 3073 549 3130 omnia
578 3076 698 3146 praeter
719 3072 832 3128 milites
854 3077 1030 3146 opportuna.
1048 3069 1085 3126 35

157 3152 295 3228 Denique
318 3154 460 3223 Romani,
478 3153 529 3210 ubi
553 3152 730 3226 intelligunt
752 3169 848 3226 neque
864 3151 922 3207 sibi
938 3151 1005 3225 perf
1023 3182 1033 3192 -

157 3234 240 3306 gium
264 3252 330 3290 esse
346 3252 442 3309 neque
459 3235 496 3290 ab
513 3233 598 3290 hoste
615 3233 733 3307 copiam
749 3231 905 3306 pugnandi
922 3230 1033 3286 lieri-

156 3320 186 3368 et
203 3316 266 3386 jam
284 3314 331 3371 die
347 3332 455 3389 vesper
472 3320 538 3370 erat
549 3344 587 3352 -
598 3314 728 3369 advorso
743 3311 827 3380 colle,
844 3311 934 3368 sicuti
949 3327 1032 3385 prae·

156 3396 413 3520 ceptnrqsfqerat,
443 3394 586 3450 evadunt.
630 3391 756 3447 Amisso
785 3389 850 3446 loco
879 3388 1032 3445 Numidae

234 3521 236 3526 ,
312 3489 344 3520 a.
