<?xml version="1.0" encoding="UTF-8"?>
<!DOCTYPE html PUBLIC "-//W3C//DTD XHTML 1.0 Transitional//EN"
    "http://www.w3.org/TR/xhtml1/DTD/xhtml1-transitional.dtd">
<html xmlns="http://www.w3.org/1999/xhtml" xml:lang="en" lang="en">
 <head>
  <title>
</title>
<meta http-equiv="Content-Type" content="text/html;charset=utf-8" />
  <meta name='ocr-system' content='tesseract 3.04.00' />
  <meta name='ocr-capabilities' content='ocr_page ocr_carea ocr_par ocr_line ocrx_word'/>
</head>
<body>
  <div class='ocr_page' id='page_1' title='image "./csallusticrispi01stuagoog_0033.png"; bbox 0 0 2346 3718; ppageno 0'>
   <div class='ocr_carea' id='block_1_1' title="bbox 104 145 760 210">
    <p class='ocr_par' dir='ltr' id='par_1_1' title="bbox 104 145 760 210">
     <span class='ocr_line' id='line_1_1' title="bbox 104 145 760 210; baseline -0.008 0"><span class='ocrx_word' id='word_1_1' title='bbox 104 145 147 210; x_wconf 82' lang='lat'>26</span> <span class='ocrx_word' id='word_1_2' title='bbox 381 157 412 204; x_wconf 86' lang='lat' dir='ltr'>o.</span> <span class='ocrx_word' id='word_1_3' title='bbox 429 157 612 206; x_wconf 75' lang='lat' dir='ltr'>snttusrr</span> <span class='ocrx_word' id='word_1_4' title='bbox 637 159 760 205; x_wconf 81' lang='lat' dir='ltr'>carsrr</span> 
     </span>
    </p>
   </div>
   <div class='ocr_carea' id='block_1_2' title="bbox 98 313 1040 3444">
    <p class='ocr_par' dir='ltr' id='par_1_2' title="bbox 98 313 1040 3444">
     <span class='ocr_line' id='line_1_2' title="bbox 158 313 1038 392; baseline 0.008 -18"><span class='ocrx_word' id='word_1_5' title='bbox 158 313 346 384; x_wconf 89' lang='lat' dir='ltr'>infecundus,</span> <span class='ocrx_word' id='word_1_6' title='bbox 355 315 438 372; x_wconf 89' lang='lat' dir='ltr'>caelo</span> <span class='ocrx_word' id='word_1_7' title='bbox 448 320 588 391; x_wconf 88' lang='lat' dir='ltr'>terraque</span> <span class='ocrx_word' id='word_1_8' title='bbox 598 317 726 391; x_wconf 87' lang='lat' dir='ltr'>penuria</span> <span class='ocrx_word' id='word_1_9' title='bbox 738 335 893 392; x_wconf 90' lang='lat' dir='ltr'>aquarum.</span> <span class='ocrx_word' id='word_1_10' title='bbox 934 321 1038 381; x_wconf 84' lang='lat' dir='ltr'>Genus</span> 
     </span>
     <span class='ocr_line' id='line_1_3' title="bbox 158 395 1037 476; baseline 0.005 -22"><span class='ocrx_word' id='word_1_11' title='bbox 158 395 314 454; x_wconf 90' lang='lat' dir='ltr'>hominum</span> <span class='ocrx_word' id='word_1_12' title='bbox 341 395 454 451; x_wconf 82' lang='lat' dir='ltr'>salubri</span> <span class='ocrx_word' id='word_1_13' title='bbox 470 413 602 471; x_wconf 89' lang='lat' dir='ltr'>corpore,</span> <span class='ocrx_word' id='word_1_14' title='bbox 620 397 717 468; x_wconf 87' lang='lat' dir='ltr'>velox,</span> <span class='ocrx_word' id='word_1_15' title='bbox 734 399 855 473; x_wconf 88' lang='lat' dir='ltr'>patiens</span> <span class='ocrx_word' id='word_1_16' title='bbox 879 400 1037 476; x_wconf 81' lang='lat' dir='ltr'>laborum3</span> 
     </span>
     <span class='ocr_line' id='line_1_4' title="bbox 116 477 1039 554; baseline 0.01 -22"><span class='ocrx_word' id='word_1_17' title='bbox 116 535 117 538; x_wconf 60' lang='grc'>,</span> <span class='ocrx_word' id='word_1_18' title='bbox 157 478 318 554; x_wconf 83' lang='lat' dir='ltr'>plerosque</span> <span class='ocrx_word' id='word_1_19' title='bbox 341 485 482 532; x_wconf 88' lang='lat' dir='ltr'>senectus</span> <span class='ocrx_word' id='word_1_20' title='bbox 505 477 656 546; x_wconf 87' lang='lat' dir='ltr'>dissolvit,</span> <span class='ocrx_word' id='word_1_21' title='bbox 674 477 733 535; x_wconf 90' lang='lat' dir='ltr'>nisi</span> <span class='ocrx_word' id='word_1_22' title='bbox 749 479 801 554; x_wconf 93' lang='lat' dir='ltr'>qui</span> <span class='ocrx_word' id='word_1_23' title='bbox 824 480 902 537; x_wconf 88' lang='lat' dir='ltr'>ferro</span> <span class='ocrx_word' id='word_1_24' title='bbox 923 489 976 540; x_wconf 89' lang='lat' dir='ltr'>aut</span> <span class='ocrx_word' id='word_1_25' title='bbox 990 485 1039 541; x_wconf 90' lang='lat' dir='ltr'>he-</span> 
     </span>
     <span class='ocr_line' id='line_1_5' title="bbox 159 555 1038 637; baseline 0.007 -22"><span class='ocrx_word' id='word_1_26' title='bbox 159 557 226 615; x_wconf 90' lang='lat' dir='ltr'>stiis</span> <span class='ocrx_word' id='word_1_27' title='bbox 242 555 398 614; x_wconf 85' lang='lat' dir='ltr'>interiere:</span> <span class='ocrx_word' id='word_1_28' title='bbox 421 574 491 612; x_wconf 91' lang='lat' dir='ltr'>nam</span> <span class='ocrx_word' id='word_1_29' title='bbox 508 557 633 614; x_wconf 82' lang='lat' dir='ltr'>morbus</span> <span class='ocrx_word' id='word_1_30' title='bbox 650 557 731 616; x_wconf 90' lang='lat' dir='ltr'>haud</span> <span class='ocrx_word' id='word_1_31' title='bbox 748 577 837 633; x_wconf 81' lang='lat' dir='ltr'>saepe</span> <span class='ocrx_word' id='word_1_32' title='bbox 853 579 1038 637; x_wconf 88' lang='lat' dir='ltr'>quemquam</span> 
     </span>
     <span class='ocr_line' id='line_1_6' title="bbox 125 636 1036 714; baseline 0.004 -16"><span class='ocrx_word' id='word_1_33' title='bbox 125 641 142 698; x_wconf 83' lang='lat'>5</span> <span class='ocrx_word' id='word_1_34' title='bbox 158 641 290 714; x_wconf 86' lang='lat' dir='ltr'>superat.</span> <span class='ocrx_word' id='word_1_35' title='bbox 336 636 388 693; x_wconf 90' lang='lat' dir='ltr'>Ad</span> <span class='ocrx_word' id='word_1_36' title='bbox 399 636 455 693; x_wconf 91' lang='lat' dir='ltr'>hoc</span> <span class='ocrx_word' id='word_1_37' title='bbox 466 637 592 694; x_wconf 85' lang='lat' dir='ltr'>malefici</span> <span class='ocrx_word' id='word_1_38' title='bbox 604 640 725 711; x_wconf 85' lang='lat' dir='ltr'>generis</span> <span class='ocrx_word' id='word_1_39' title='bbox 735 639 876 714; x_wconf 84' lang='lat' dir='ltr'>pluruma</span> <span class='ocrx_word' id='word_1_40' title='bbox 886 641 1036 702; x_wconf 89' lang='lat' dir='ltr'>animalia.</span> 
     </span>
     <span class='ocr_line' id='line_1_7' title="bbox 159 717 1038 799; baseline 0.006 -23"><span class='ocrx_word' id='word_1_41' title='bbox 159 719 219 777; x_wconf 82' lang='lat' dir='ltr'>Sed</span> <span class='ocrx_word' id='word_1_42' title='bbox 234 717 286 792; x_wconf 93' lang='lat' dir='ltr'>qui</span> <span class='ocrx_word' id='word_1_43' title='bbox 301 717 446 774; x_wconf 79' lang='lat' dir='ltr'>mortales</span> <span class='ocrx_word' id='word_1_44' title='bbox 472 717 558 774; x_wconf 92' lang='lat' dir='ltr'>initio</span> <span class='ocrx_word' id='word_1_45' title='bbox 575 718 713 775; x_wconf 83' lang='lat' dir='ltr'>Africam</span> <span class='ocrx_word' id='word_1_46' title='bbox 737 719 909 795; x_wconf 71' lang='lat' dir='ltr'>habuerint,</span> <span class='ocrx_word' id='word_1_47' title='bbox 925 724 1038 799; x_wconf 91' lang='lat' dir='ltr'>quique</span> 
     </span>
     <span class='ocr_line' id='line_1_8' title="bbox 155 798 1038 878; baseline 0.006 -21"><span class='ocrx_word' id='word_1_48' title='bbox 155 805 264 877; x_wconf 89' lang='lat' dir='ltr'>postea</span> <span class='ocrx_word' id='word_1_49' title='bbox 285 798 473 867; x_wconf 79' lang='lat' dir='ltr'>accesserint,</span> <span class='ocrx_word' id='word_1_50' title='bbox 491 805 545 855; x_wconf 91' lang='lat' dir='ltr'>aut</span> <span class='ocrx_word' id='word_1_51' title='bbox 559 816 619 873; x_wconf 92' lang='lat' dir='ltr'>quo</span> <span class='ocrx_word' id='word_1_52' title='bbox 635 800 726 856; x_wconf 89' lang='lat' dir='ltr'>modo</span> <span class='ocrx_word' id='word_1_53' title='bbox 743 801 867 858; x_wconf 84' lang='lat' dir='ltr'>interae</span> <span class='ocrx_word' id='word_1_54' title='bbox 893 805 1038 878; x_wconf 85' lang='lat' dir='ltr'>permixti</span> 
     </span>
     <span class='ocr_line' id='line_1_9' title="bbox 158 877 1037 956; baseline 0.006 -19"><span class='ocrx_word' id='word_1_55' title='bbox 158 881 227 950; x_wconf 87' lang='lat' dir='ltr'>sint,</span> <span class='ocrx_word' id='word_1_56' title='bbox 236 896 421 953; x_wconf 90' lang='lat' dir='ltr'>quamquam</span> <span class='ocrx_word' id='word_1_57' title='bbox 439 877 477 934; x_wconf 92' lang='lat' dir='ltr'>ab</span> <span class='ocrx_word' id='word_1_58' title='bbox 492 897 528 935; x_wconf 90' lang='lat' dir='ltr'>ea</span> <span class='ocrx_word' id='word_1_59' title='bbox 540 879 630 946; x_wconf 88' lang='lat' dir='ltr'>sama,</span> <span class='ocrx_word' id='word_1_60' title='bbox 643 897 720 954; x_wconf 92' lang='lat' dir='ltr'>quae</span> <span class='ocrx_word' id='word_1_61' title='bbox 735 881 894 956; x_wconf 90' lang='lat' dir='ltr'>plerosque</span> <span class='ocrx_word' id='word_1_62' title='bbox 910 884 1037 954; x_wconf 87' lang='lat' dir='ltr'>obtinet,</span> 
     </span>
     <span class='ocr_line' id='line_1_10' title="bbox 157 959 1039 1039; baseline 0.005 -22"><span class='ocrx_word' id='word_1_63' title='bbox 157 961 314 1018; x_wconf 82' lang='lat' dir='ltr'>divorsum</span> <span class='ocrx_word' id='word_1_64' title='bbox 329 965 384 1027; x_wconf 90' lang='lat' dir='ltr'>est,</span> <span class='ocrx_word' id='word_1_65' title='bbox 401 965 503 1014; x_wconf 88' lang='lat' dir='ltr'>tamen</span> <span class='ocrx_word' id='word_1_66' title='bbox 520 959 564 1016; x_wconf 88' lang='lat' dir='ltr'>uti</span> <span class='ocrx_word' id='word_1_67' title='bbox 579 978 617 1016; x_wconf 84' lang='lat' dir='ltr'>ex</span> <span class='ocrx_word' id='word_1_68' title='bbox 632 959 718 1018; x_wconf 91' lang='lat' dir='ltr'>libris</span> <span class='ocrx_word' id='word_1_69' title='bbox 741 961 875 1030; x_wconf 90' lang='lat' dir='ltr'>Punicis,</span> <span class='ocrx_word' id='word_1_70' title='bbox 888 964 939 1037; x_wconf 92' lang='lat' dir='ltr'>qui</span> <span class='ocrx_word' id='word_1_71' title='bbox 955 967 1039 1039; x_wconf 80' lang='lat' dir='ltr'>regis</span> 
     </span>
     <span class='ocr_line' id='line_1_11' title="bbox 105 1039 1040 1116; baseline 0.002 -16"><span class='ocrx_word' id='word_1_72' title='bbox 105 1044 140 1100; x_wconf 89' lang='lat'>10</span> <span class='ocrx_word' id='word_1_73' title='bbox 158 1039 347 1114; x_wconf 87' lang='lat' dir='ltr'>Hiempsalis</span> <span class='ocrx_word' id='word_1_74' title='bbox 363 1039 546 1109; x_wconf 88' lang='lat' dir='ltr'>dicebantur,</span> <span class='ocrx_word' id='word_1_75' title='bbox 558 1040 790 1116; x_wconf 89' lang='lat' dir='ltr'>interpretatum</span> <span class='ocrx_word' id='word_1_76' title='bbox 807 1042 894 1099; x_wconf 91' lang='lat' dir='ltr'>nobis</span> <span class='ocrx_word' id='word_1_77' title='bbox 908 1049 964 1110; x_wconf 90' lang='lat' dir='ltr'>est,</span> <span class='ocrx_word' id='word_1_78' title='bbox 980 1047 1040 1102; x_wconf 91' lang='lat' dir='ltr'>uti-</span> 
     </span>
     <span class='ocr_line' id='line_1_12' title="bbox 156 1119 1037 1198; baseline 0.005 -20"><span class='ocrx_word' id='word_1_79' title='bbox 156 1141 214 1197; x_wconf 90' lang='lat' dir='ltr'>que</span> <span class='ocrx_word' id='word_1_80' title='bbox 238 1138 300 1178; x_wconf 89' lang='lat' dir='ltr'>rem</span> <span class='ocrx_word' id='word_1_81' title='bbox 325 1137 389 1177; x_wconf 89' lang='lat' dir='ltr'>sese</span> <span class='ocrx_word' id='word_1_82' title='bbox 413 1119 523 1177; x_wconf 90' lang='lat' dir='ltr'>habere</span> <span class='ocrx_word' id='word_1_83' title='bbox 549 1121 681 1178; x_wconf 87' lang='lat' dir='ltr'>cultores</span> <span class='ocrx_word' id='word_1_84' title='bbox 705 1123 769 1194; x_wconf 86' lang='lat' dir='ltr'>ejus</span> <span class='ocrx_word' id='word_1_85' title='bbox 792 1129 891 1179; x_wconf 90' lang='lat' dir='ltr'>terrae</span> <span class='ocrx_word' id='word_1_86' title='bbox 915 1131 1037 1198; x_wconf 83' lang='lat' dir='ltr'>putant,</span> 
     </span>
     <span class='ocr_line' id='line_1_13' title="bbox 157 1201 1039 1278; baseline 0.005 -19"><span class='ocrx_word' id='word_1_87' title='bbox 157 1219 248 1278; x_wconf 89' lang='lat' dir='ltr'>quam</span> <span class='ocrx_word' id='word_1_88' title='bbox 270 1201 475 1276; x_wconf 80' lang='lat' dir='ltr'>paucissumis</span> <span class='ocrx_word' id='word_1_89' title='bbox 497 1201 605 1258; x_wconf 90' lang='lat' dir='ltr'>dicam.</span> <span class='ocrx_word' id='word_1_90' title='bbox 652 1202 796 1260; x_wconf 79' lang='lat' dir='ltr'>Ceterum</span> <span class='ocrx_word' id='word_1_91' title='bbox 818 1202 892 1260; x_wconf 90' lang='lat' dir='ltr'>fides</span> <span class='ocrx_word' id='word_1_92' title='bbox 912 1206 977 1278; x_wconf 85' lang='lat' dir='ltr'>ejus</span> <span class='ocrx_word' id='word_1_93' title='bbox 991 1207 1039 1263; x_wconf 92' lang='lat' dir='ltr'>rei</span> 
     </span>
     <span class='ocr_line' id='line_1_14' title="bbox 155 1282 483 1359; baseline -0.003 -19"><span class='ocrx_word' id='word_1_94' title='bbox 155 1301 249 1359; x_wconf 90' lang='lat' dir='ltr'>penes</span> <span class='ocrx_word' id='word_1_95' title='bbox 265 1288 403 1338; x_wconf 86' lang='lat' dir='ltr'>auctores</span> <span class='ocrx_word' id='word_1_96' title='bbox 418 1282 483 1339; x_wconf 90' lang='lat' dir='ltr'>erit.</span> 
     </span>
     <span class='ocr_line' id='line_1_15' title="bbox 192 1361 1037 1440; baseline 0.005 -20"><span class='ocrx_word' id='word_1_97' title='bbox 192 1367 236 1421; x_wconf 88' lang='lat'>18.</span> <span class='ocrx_word' id='word_1_98' title='bbox 259 1362 396 1420; x_wconf 87' lang='lat' dir='ltr'>Africam</span> <span class='ocrx_word' id='word_1_99' title='bbox 429 1361 515 1418; x_wconf 90' lang='lat' dir='ltr'>initio</span> <span class='ocrx_word' id='word_1_100' title='bbox 541 1361 672 1420; x_wconf 85' lang='lat' dir='ltr'>habuere</span> <span class='ocrx_word' id='word_1_101' title='bbox 703 1361 825 1420; x_wconf 84' lang='lat' dir='ltr'>Gaetuli</span> <span class='ocrx_word' id='word_1_102' title='bbox 851 1370 883 1420; x_wconf 91' lang='lat' dir='ltr'>et</span> <span class='ocrx_word' id='word_1_103' title='bbox 910 1363 1037 1440; x_wconf 87' lang='lat' dir='ltr'>Libyes,</span> 
     </span>
     <span class='ocr_line' id='line_1_16' title="bbox 104 1443 1038 1520; baseline 0.002 -18"><span class='ocrx_word' id='word_1_104' title='bbox 104 1446 140 1504; x_wconf 82' lang='lat'>15</span> <span class='ocrx_word' id='word_1_105' title='bbox 156 1444 254 1519; x_wconf 90' lang='lat' dir='ltr'>asperi</span> <span class='ocrx_word' id='word_1_106' title='bbox 277 1443 450 1518; x_wconf 85' lang='lat' dir='ltr'>incultique,</span> <span class='ocrx_word' id='word_1_107' title='bbox 467 1443 536 1517; x_wconf 89' lang='lat' dir='ltr'>quis</span> <span class='ocrx_word' id='word_1_108' title='bbox 558 1444 645 1501; x_wconf 91' lang='lat' dir='ltr'>cibus</span> <span class='ocrx_word' id='word_1_109' title='bbox 669 1453 734 1500; x_wconf 89' lang='lat' dir='ltr'>erat</span> <span class='ocrx_word' id='word_1_110' title='bbox 749 1461 818 1500; x_wconf 88' lang='lat' dir='ltr'>caro</span> <span class='ocrx_word' id='word_1_111' title='bbox 834 1443 929 1501; x_wconf 84' lang='lat' dir='ltr'>serina</span> <span class='ocrx_word' id='word_1_112' title='bbox 944 1453 1038 1520; x_wconf 89' lang='lat' dir='ltr'>atque</span> 
     </span>
     <span class='ocr_line' id='line_1_17' title="bbox 156 1523 1038 1599; baseline 0.003 -19"><span class='ocrx_word' id='word_1_113' title='bbox 156 1525 241 1581; x_wconf 91' lang='lat' dir='ltr'>humi</span> <span class='ocrx_word' id='word_1_114' title='bbox 264 1525 418 1599; x_wconf 89' lang='lat' dir='ltr'>pabulum,</span> <span class='ocrx_word' id='word_1_115' title='bbox 435 1523 480 1580; x_wconf 88' lang='lat' dir='ltr'>uti</span> <span class='ocrx_word' id='word_1_116' title='bbox 503 1525 669 1599; x_wconf 87' lang='lat' dir='ltr'>pecoribus.</span> <span class='ocrx_word' id='word_1_117' title='bbox 715 1523 758 1581; x_wconf 92' lang='lat' dir='ltr'>Hi</span> <span class='ocrx_word' id='word_1_118' title='bbox 781 1541 878 1599; x_wconf 88' lang='lat' dir='ltr'>neque</span> <span class='ocrx_word' id='word_1_119' title='bbox 900 1527 1038 1584; x_wconf 89' lang='lat' dir='ltr'>moribus</span> 
     </span>
     <span class='ocr_line' id='line_1_18' title="bbox 155 1605 1036 1680; baseline 0.002 -18"><span class='ocrx_word' id='word_1_120' title='bbox 155 1623 252 1680; x_wconf 88' lang='lat' dir='ltr'>neque</span> <span class='ocrx_word' id='word_1_121' title='bbox 264 1605 330 1680; x_wconf 81' lang='lat' dir='ltr'>lege</span> <span class='ocrx_word' id='word_1_122' title='bbox 341 1610 394 1662; x_wconf 90' lang='lat' dir='ltr'>aut</span> <span class='ocrx_word' id='word_1_123' title='bbox 408 1605 535 1680; x_wconf 91' lang='lat' dir='ltr'>imperio</span> <span class='ocrx_word' id='word_1_124' title='bbox 545 1607 722 1680; x_wconf 89' lang='lat' dir='ltr'>cujusquam</span> <span class='ocrx_word' id='word_1_125' title='bbox 734 1605 917 1678; x_wconf 86' lang='lat' dir='ltr'>regebantur</span> <span class='ocrx_word' id='word_1_126' title='bbox 930 1627 937 1680; x_wconf 87' lang='lat'>;</span> <span class='ocrx_word' id='word_1_127' title='bbox 954 1608 1036 1680; x_wconf 82' lang='lat' dir='ltr'>vagi,</span> 
     </span>
     <span class='ocr_line' id='line_1_19' title="bbox 155 1685 1037 1761; baseline 0.007 -21"><span class='ocrx_word' id='word_1_128' title='bbox 155 1686 304 1761; x_wconf 85' lang='lat' dir='ltr'>palantes,</span> <span class='ocrx_word' id='word_1_129' title='bbox 321 1702 398 1760; x_wconf 87' lang='lat' dir='ltr'>quas</span> <span class='ocrx_word' id='word_1_130' title='bbox 419 1702 480 1742; x_wconf 84' lang='lat' dir='ltr'>nox</span> <span class='ocrx_word' id='word_1_131' title='bbox 495 1691 647 1760; x_wconf 78' lang='lat' dir='ltr'>coegerat,</span> <span class='ocrx_word' id='word_1_132' title='bbox 665 1685 754 1742; x_wconf 89' lang='lat' dir='ltr'>sedes</span> <span class='ocrx_word' id='word_1_133' title='bbox 770 1685 930 1743; x_wconf 86' lang='lat' dir='ltr'>habebant.</span> <span class='ocrx_word' id='word_1_134' title='bbox 974 1686 1037 1746; x_wconf 84' lang='lat' dir='ltr'>Sed</span> 
     </span>
     <span class='ocr_line' id='line_1_20' title="bbox 155 1765 1036 1842; baseline 0.002 -20"><span class='ocrx_word' id='word_1_135' title='bbox 155 1772 316 1842; x_wconf 90' lang='lat' dir='ltr'>postquam</span> <span class='ocrx_word' id='word_1_136' title='bbox 333 1766 364 1823; x_wconf 93' lang='lat' dir='ltr'>in</span> <span class='ocrx_word' id='word_1_137' title='bbox 381 1766 535 1840; x_wconf 89' lang='lat' dir='ltr'>Hispania</span> <span class='ocrx_word' id='word_1_138' title='bbox 552 1765 712 1834; x_wconf 89' lang='lat' dir='ltr'>Hercules,</span> <span class='ocrx_word' id='word_1_139' title='bbox 725 1765 814 1823; x_wconf 90' lang='lat' dir='ltr'>sicuti</span> <span class='ocrx_word' id='word_1_140' title='bbox 830 1765 898 1822; x_wconf 87' lang='lat' dir='ltr'>Afri</span> <span class='ocrx_word' id='word_1_141' title='bbox 913 1773 1036 1842; x_wconf 87' lang='lat' dir='ltr'>putant,</span> 
     </span>
     <span class='ocr_line' id='line_1_21' title="bbox 102 1846 1038 1922; baseline 0.001 -18"><span class='ocrx_word' id='word_1_142' title='bbox 102 1850 139 1906; x_wconf 81' lang='lat'>20</span> <span class='ocrx_word' id='word_1_143' title='bbox 155 1847 278 1916; x_wconf 89' lang='lat' dir='ltr'>interiit,</span> <span class='ocrx_word' id='word_1_144' title='bbox 294 1847 445 1903; x_wconf 87' lang='lat' dir='ltr'>exereitus</span> <span class='ocrx_word' id='word_1_145' title='bbox 467 1848 540 1920; x_wconf 86' lang='lat' dir='ltr'>ejus,</span> <span class='ocrx_word' id='word_1_146' title='bbox 559 1846 747 1922; x_wconf 89' lang='lat' dir='ltr'>compositus</span> <span class='ocrx_word' id='word_1_147' title='bbox 768 1863 806 1902; x_wconf 88' lang='lat' dir='ltr'>ex</span> <span class='ocrx_word' id='word_1_148' title='bbox 821 1846 915 1902; x_wconf 88' lang='lat' dir='ltr'>variis</span> <span class='ocrx_word' id='word_1_149' title='bbox 938 1849 1038 1921; x_wconf 74' lang='lat' dir='ltr'>genti-</span> 
     </span>
     <span class='ocr_line' id='line_1_22' title="bbox 154 1926 1038 2002; baseline 0.001 -19"><span class='ocrx_word' id='word_1_150' title='bbox 154 1927 220 1994; x_wconf 87' lang='lat' dir='ltr'>bus,</span> <span class='ocrx_word' id='word_1_151' title='bbox 237 1928 348 1984; x_wconf 89' lang='lat' dir='ltr'>amisso</span> <span class='ocrx_word' id='word_1_152' title='bbox 364 1928 439 1985; x_wconf 89' lang='lat' dir='ltr'>duce</span> <span class='ocrx_word' id='word_1_153' title='bbox 462 1945 496 1984; x_wconf 91' lang='lat' dir='ltr'>ac</span> <span class='ocrx_word' id='word_1_154' title='bbox 511 1926 626 2002; x_wconf 87' lang='lat' dir='ltr'>passim</span> <span class='ocrx_word' id='word_1_155' title='bbox 647 1926 752 1983; x_wconf 85' lang='lat' dir='ltr'>multis</span> <span class='ocrx_word' id='word_1_156' title='bbox 769 1927 826 1983; x_wconf 90' lang='lat' dir='ltr'>sibi</span> <span class='ocrx_word' id='word_1_157' title='bbox 841 1927 966 2001; x_wconf 89' lang='lat' dir='ltr'>quisque</span> <span class='ocrx_word' id='word_1_158' title='bbox 981 1929 1038 1984; x_wconf 93' lang='lat' dir='ltr'>im-</span> 
     </span>
     <span class='ocr_line' id='line_1_23' title="bbox 154 2005 1036 2085; baseline 0.002 -21"><span class='ocrx_word' id='word_1_159' title='bbox 154 2008 270 2084; x_wconf 89' lang='lat' dir='ltr'>perium</span> <span class='ocrx_word' id='word_1_160' title='bbox 292 2008 475 2085; x_wconf 88' lang='lat' dir='ltr'>petentibus,</span> <span class='ocrx_word' id='word_1_161' title='bbox 492 2007 575 2064; x_wconf 90' lang='lat' dir='ltr'>brevi</span> <span class='ocrx_word' id='word_1_162' title='bbox 599 2005 752 2064; x_wconf 89' lang='lat' dir='ltr'>dilabitur.</span> <span class='ocrx_word' id='word_1_163' title='bbox 797 2006 844 2063; x_wconf 82' lang='lat' dir='ltr'>Ex</span> <span class='ocrx_word' id='word_1_164' title='bbox 858 2025 893 2063; x_wconf 89' lang='lat' dir='ltr'>eo</span> <span class='ocrx_word' id='word_1_165' title='bbox 910 2025 1036 2066; x_wconf 90' lang='lat' dir='ltr'>numero</span> 
     </span>
     <span class='ocr_line' id='line_1_24' title="bbox 155 2086 1036 2158; baseline 0.001 -14"><span class='ocrx_word' id='word_1_166' title='bbox 155 2088 248 2158; x_wconf 84' lang='lat' dir='ltr'>Medi,</span> <span class='ocrx_word' id='word_1_167' title='bbox 261 2089 370 2146; x_wconf 88' lang='lat' dir='ltr'>Persae</span> <span class='ocrx_word' id='word_1_168' title='bbox 385 2095 416 2146; x_wconf 90' lang='lat' dir='ltr'>et</span> <span class='ocrx_word' id='word_1_169' title='bbox 431 2088 582 2158; x_wconf 78' lang='lat' dir='ltr'>Armenii,</span> <span class='ocrx_word' id='word_1_170' title='bbox 595 2087 725 2144; x_wconf 89' lang='lat' dir='ltr'>navibus</span> <span class='ocrx_word' id='word_1_171' title='bbox 739 2087 770 2143; x_wconf 91' lang='lat' dir='ltr'>in</span> <span class='ocrx_word' id='word_1_172' title='bbox 787 2086 921 2143; x_wconf 86' lang='lat' dir='ltr'>Africam</span> <span class='ocrx_word' id='word_1_173' title='bbox 939 2094 1036 2146; x_wconf 87' lang='lat' dir='ltr'>trans-</span> 
     </span>
     <span class='ocr_line' id='line_1_25' title="bbox 154 2168 1035 2245; baseline 0.005 -21"><span class='ocrx_word' id='word_1_174' title='bbox 154 2169 242 2240; x_wconf 89' lang='lat' dir='ltr'>vecti,</span> <span class='ocrx_word' id='word_1_175' title='bbox 253 2187 416 2245; x_wconf 89' lang='lat' dir='ltr'>proxumos</span> <span class='ocrx_word' id='word_1_176' title='bbox 431 2175 536 2226; x_wconf 90' lang='lat' dir='ltr'>nostro</span> <span class='ocrx_word' id='word_1_177' title='bbox 554 2168 631 2224; x_wconf 91' lang='lat' dir='ltr'>mari</span> <span class='ocrx_word' id='word_1_178' title='bbox 648 2168 731 2225; x_wconf 91' lang='lat' dir='ltr'>locos</span> <span class='ocrx_word' id='word_1_179' title='bbox 751 2185 953 2242; x_wconf 81' lang='lat' dir='ltr'>occupavere3</span> <span class='ocrx_word' id='word_1_180' title='bbox 979 2171 1035 2228; x_wconf 88' lang='lat' dir='ltr'>sed</span> 
     </span>
     <span class='ocr_line' id='line_1_26' title="bbox 101 2248 1034 2324; baseline 0 -17"><span class='ocrx_word' id='word_1_181' title='bbox 101 2253 138 2310; x_wconf 74' lang='lat'>25</span> <span class='ocrx_word' id='word_1_182' title='bbox 155 2248 267 2307; x_wconf 90' lang='lat' dir='ltr'>Persae</span> <span class='ocrx_word' id='word_1_183' title='bbox 287 2250 367 2306; x_wconf 86' lang='lat' dir='ltr'>intra</span> <span class='ocrx_word' id='word_1_184' title='bbox 383 2249 538 2308; x_wconf 88' lang='lat' dir='ltr'>Oceanum</span> <span class='ocrx_word' id='word_1_185' title='bbox 560 2249 669 2323; x_wconf 83' lang='lat' dir='ltr'>magis,</span> <span class='ocrx_word' id='word_1_186' title='bbox 687 2248 768 2324; x_wconf 87' lang='lat' dir='ltr'>iique</span> <span class='ocrx_word' id='word_1_187' title='bbox 784 2249 887 2304; x_wconf 90' lang='lat' dir='ltr'>alveos</span> <span class='ocrx_word' id='word_1_188' title='bbox 907 2249 1034 2308; x_wconf 89' lang='lat' dir='ltr'>navium</span> 
     </span>
     <span class='ocr_line' id='line_1_27' title="bbox 153 2329 1034 2405; baseline 0.003 -20"><span class='ocrx_word' id='word_1_189' title='bbox 153 2329 293 2388; x_wconf 91' lang='lat' dir='ltr'>invorsos</span> <span class='ocrx_word' id='word_1_190' title='bbox 315 2348 368 2404; x_wconf 91' lang='lat' dir='ltr'>pro</span> <span class='ocrx_word' id='word_1_191' title='bbox 389 2331 522 2405; x_wconf 84' lang='lat' dir='ltr'>tuguriis</span> <span class='ocrx_word' id='word_1_192' title='bbox 538 2330 682 2397; x_wconf 87' lang='lat' dir='ltr'>habuere,</span> <span class='ocrx_word' id='word_1_193' title='bbox 699 2330 771 2404; x_wconf 89' lang='lat' dir='ltr'>quia</span> <span class='ocrx_word' id='word_1_194' title='bbox 792 2347 888 2403; x_wconf 88' lang='lat' dir='ltr'>neque</span> <span class='ocrx_word' id='word_1_195' title='bbox 903 2330 1034 2388; x_wconf 78' lang='lat' dir='ltr'>matoria</span> 
     </span>
     <span class='ocr_line' id='line_1_28' title="bbox 153 2409 1034 2486; baseline 0.003 -21"><span class='ocrx_word' id='word_1_196' title='bbox 153 2410 185 2466; x_wconf 93' lang='lat' dir='ltr'>iu</span> <span class='ocrx_word' id='word_1_197' title='bbox 209 2412 291 2485; x_wconf 78' lang='lat' dir='ltr'>agris</span> <span class='ocrx_word' id='word_1_198' title='bbox 315 2428 412 2485; x_wconf 90' lang='lat' dir='ltr'>neque</span> <span class='ocrx_word' id='word_1_199' title='bbox 437 2411 475 2468; x_wconf 92' lang='lat' dir='ltr'>ab</span> <span class='ocrx_word' id='word_1_200' title='bbox 503 2411 654 2486; x_wconf 90' lang='lat' dir='ltr'>Hispanis</span> <span class='ocrx_word' id='word_1_201' title='bbox 679 2409 801 2466; x_wconf 91' lang='lat' dir='ltr'>emundi</span> <span class='ocrx_word' id='word_1_202' title='bbox 821 2415 875 2466; x_wconf 89' lang='lat' dir='ltr'>aut</span> <span class='ocrx_word' id='word_1_203' title='bbox 892 2411 1034 2468; x_wconf 89' lang='lat' dir='ltr'>mutandi</span> 
     </span>
     <span class='ocr_line' id='line_1_29' title="bbox 153 2489 1035 2564; baseline 0.001 -18"><span class='ocrx_word' id='word_1_204' title='bbox 153 2491 238 2564; x_wconf 86' lang='lat' dir='ltr'>copia</span> <span class='ocrx_word' id='word_1_205' title='bbox 260 2496 343 2548; x_wconf 90' lang='lat' dir='ltr'>erat:</span> <span class='ocrx_word' id='word_1_206' title='bbox 367 2509 448 2548; x_wconf 91' lang='lat' dir='ltr'>mare</span> <span class='ocrx_word' id='word_1_207' title='bbox 472 2509 618 2564; x_wconf 81' lang='lat' dir='ltr'>magnum</span> <span class='ocrx_word' id='word_1_208' title='bbox 640 2497 672 2547; x_wconf 86' lang='lat' dir='ltr'>&#39;et</span> <span class='ocrx_word' id='word_1_209' title='bbox 693 2490 802 2564; x_wconf 77' lang='lat' dir='ltr'>ignara</span> <span class='ocrx_word' id='word_1_210' title='bbox 826 2489 932 2564; x_wconf 84' lang='lat' dir='ltr'>lingua</span> <span class='ocrx_word' id='word_1_211' title='bbox 954 2509 1035 2547; x_wconf 88' lang='lat' dir='ltr'>com-</span> 
     </span>
     <span class='ocr_line' id='line_1_30' title="bbox 153 2570 1034 2646; baseline 0.002 -20"><span class='ocrx_word' id='word_1_212' title='bbox 153 2571 263 2627; x_wconf 89' lang='lat' dir='ltr'>mercia</span> <span class='ocrx_word' id='word_1_213' title='bbox 291 2570 501 2645; x_wconf 84' lang='lat' dir='ltr'>prohibebant.</span> <span class='ocrx_word' id='word_1_214' title='bbox 557 2571 598 2628; x_wconf 94' lang='lat' dir='ltr'>Hi</span> <span class='ocrx_word' id='word_1_215' title='bbox 625 2571 774 2646; x_wconf 88' lang='lat' dir='ltr'>paulatim</span> <span class='ocrx_word' id='word_1_216' title='bbox 802 2588 854 2645; x_wconf 93' lang='lat' dir='ltr'>per</span> <span class='ocrx_word' id='word_1_217' title='bbox 882 2571 1034 2628; x_wconf 87' lang='lat' dir='ltr'>connubia</span> 
     </span>
     <span class='ocr_line' id='line_1_31' title="bbox 100 2651 1032 2726; baseline -0.002 -16"><span class='ocrx_word' id='word_1_218' title='bbox 100 2655 137 2710; x_wconf 90' lang='lat'>30</span> <span class='ocrx_word' id='word_1_219' title='bbox 154 2651 299 2708; x_wconf 85' lang='lat' dir='ltr'>Gaetulos</span> <span class='ocrx_word' id='word_1_220' title='bbox 315 2661 416 2708; x_wconf 88' lang='lat' dir='ltr'>secum</span> <span class='ocrx_word' id='word_1_221' title='bbox 431 2653 588 2719; x_wconf 85' lang='lat' dir='ltr'>miscuere,</span> <span class='ocrx_word' id='word_1_222' title='bbox 605 2657 636 2708; x_wconf 88' lang='lat' dir='ltr'>et</span> <span class='ocrx_word' id='word_1_223' title='bbox 652 2651 725 2726; x_wconf 91' lang='lat' dir='ltr'>quia</span> <span class='ocrx_word' id='word_1_224' title='bbox 741 2668 830 2725; x_wconf 88' lang='lat' dir='ltr'>saepe</span> <span class='ocrx_word' id='word_1_225' title='bbox 844 2657 1032 2724; x_wconf 84' lang='lat' dir='ltr'>temptantes</span> 
     </span>
     <span class='ocr_line' id='line_1_32' title="bbox 153 2730 1031 2807; baseline 0.003 -21"><span class='ocrx_word' id='word_1_226' title='bbox 153 2749 244 2805; x_wconf 84' lang='lat' dir='ltr'>agros</span> <span class='ocrx_word' id='word_1_227' title='bbox 266 2730 334 2801; x_wconf 84' lang='lat' dir='ltr'>alia,</span> <span class='ocrx_word' id='word_1_228' title='bbox 352 2731 459 2789; x_wconf 92' lang='lat' dir='ltr'>deinde</span> <span class='ocrx_word' id='word_1_229' title='bbox 483 2733 543 2789; x_wconf 89' lang='lat' dir='ltr'>alia</span> <span class='ocrx_word' id='word_1_230' title='bbox 564 2731 631 2788; x_wconf 90' lang='lat' dir='ltr'>loca</span> <span class='ocrx_word' id='word_1_231' title='bbox 654 2732 837 2806; x_wconf 86' lang='lat' dir='ltr'>petiverant,</span> <span class='ocrx_word' id='word_1_232' title='bbox 853 2737 950 2788; x_wconf 88' lang='lat' dir='ltr'>semet</span> <span class='ocrx_word' id='word_1_233' title='bbox 973 2731 1031 2807; x_wconf 88' lang='lat' dir='ltr'>ipsi</span> 
     </span>
     <span class='ocr_line' id='line_1_33' title="bbox 153 2809 1032 2887; baseline 0.002 -20"><span class='ocrx_word' id='word_1_234' title='bbox 153 2811 308 2868; x_wconf 88' lang='lat' dir='ltr'>Nomadas</span> <span class='ocrx_word' id='word_1_235' title='bbox 339 2813 539 2887; x_wconf 86' lang='lat' dir='ltr'>appellavere.</span> <span class='ocrx_word' id='word_1_236' title='bbox 595 2811 737 2870; x_wconf 79' lang='lat' dir='ltr'>Ceterum</span> <span class='ocrx_word' id='word_1_237' title='bbox 769 2811 868 2869; x_wconf 89' lang='lat' dir='ltr'>adhuc</span> <span class='ocrx_word' id='word_1_238' title='bbox 893 2809 1032 2869; x_wconf 88' lang='lat' dir='ltr'>aedificia</span> 
     </span>
     <span class='ocr_line' id='line_1_34' title="bbox 152 2890 1033 2968; baseline 0.002 -22"><span class='ocrx_word' id='word_1_239' title='bbox 152 2890 356 2949; x_wconf 89' lang='lat' dir='ltr'>Numidarum</span> <span class='ocrx_word' id='word_1_240' title='bbox 373 2895 548 2967; x_wconf 85' lang='lat' dir='ltr'>agrestium,</span> <span class='ocrx_word' id='word_1_241' title='bbox 559 2911 636 2968; x_wconf 90' lang='lat' dir='ltr'>quae</span> <span class='ocrx_word' id='word_1_242' title='bbox 653 2892 786 2968; x_wconf 88' lang='lat' dir='ltr'>mapalia</span> <span class='ocrx_word' id='word_1_243' title='bbox 796 2892 839 2949; x_wconf 92' lang='lat' dir='ltr'>illi</span> <span class='ocrx_word' id='word_1_244' title='bbox 851 2899 968 2960; x_wconf 88' lang='lat' dir='ltr'>vocant,</span> <span class='ocrx_word' id='word_1_245' title='bbox 982 2892 1033 2948; x_wconf 80' lang='lat' dir='ltr'>ob</span> 
     </span>
     <span class='ocr_line' id='line_1_35' title="bbox 152 2971 1030 3048; baseline 0.003 -21"><span class='ocrx_word' id='word_1_246' title='bbox 152 2972 251 3046; x_wconf 84' lang='lat' dir='ltr'>longa,</span> <span class='ocrx_word' id='word_1_247' title='bbox 261 2973 395 3030; x_wconf 89' lang='lat' dir='ltr'>incurvis</span> <span class='ocrx_word' id='word_1_248' title='bbox 410 2974 556 3031; x_wconf 88' lang='lat' dir='ltr'>lateribus</span> <span class='ocrx_word' id='word_1_249' title='bbox 572 2980 661 3040; x_wconf 89' lang='lat' dir='ltr'>tecta,</span> <span class='ocrx_word' id='word_1_250' title='bbox 671 2973 760 3048; x_wconf 86' lang='lat' dir='ltr'>quasi</span> <span class='ocrx_word' id='word_1_251' title='bbox 771 2973 895 3030; x_wconf 87' lang='lat' dir='ltr'>navium</span> <span class='ocrx_word' id='word_1_252' title='bbox 911 2971 1030 3031; x_wconf 87' lang='lat' dir='ltr'>carinae</span> 
     </span>
     <span class='ocr_line' id='line_1_36' title="bbox 98 3053 1031 3127; baseline 0 -19"><span class='ocrx_word' id='word_1_253' title='bbox 98 3053 136 3109; x_wconf 86' lang='lat'>35</span> <span class='ocrx_word' id='word_1_254' title='bbox 152 3058 232 3108; x_wconf 92' lang='lat' dir='ltr'>sunt.</span> <span class='ocrx_word' id='word_1_255' title='bbox 269 3053 370 3111; x_wconf 90' lang='lat' dir='ltr'>Medis</span> <span class='ocrx_word' id='word_1_256' title='bbox 381 3061 482 3112; x_wconf 88' lang='lat' dir='ltr'>autem</span> <span class='ocrx_word' id='word_1_257' title='bbox 492 3062 523 3111; x_wconf 92' lang='lat' dir='ltr'>et</span> <span class='ocrx_word' id='word_1_258' title='bbox 534 3055 691 3111; x_wconf 88' lang='lat' dir='ltr'>Armeniis</span> <span class='ocrx_word' id='word_1_259' title='bbox 703 3071 856 3111; x_wconf 87' lang='lat' dir='ltr'>accessere</span> <span class='ocrx_word' id='word_1_260' title='bbox 867 3053 981 3127; x_wconf 88' lang='lat' dir='ltr'>Libyes</span> <span class='ocrx_word' id='word_1_261' title='bbox 991 3082 1031 3092; x_wconf 92' lang='lat'><strong>—</strong></span> 
     </span>
     <span class='ocr_line' id='line_1_37' title="bbox 153 3131 1031 3208; baseline 0.005 -20"><span class='ocrx_word' id='word_1_262' title='bbox 153 3151 221 3188; x_wconf 90' lang='lat' dir='ltr'>nam</span> <span class='ocrx_word' id='word_1_263' title='bbox 246 3131 276 3190; x_wconf 89' lang='lat' dir='ltr'>hi</span> <span class='ocrx_word' id='word_1_264' title='bbox 297 3135 422 3208; x_wconf 90' lang='lat' dir='ltr'>propius</span> <span class='ocrx_word' id='word_1_265' title='bbox 444 3152 526 3190; x_wconf 90' lang='lat' dir='ltr'>mare</span> <span class='ocrx_word' id='word_1_266' title='bbox 551 3135 690 3192; x_wconf 87' lang='lat' dir='ltr'>Africum</span> <span class='ocrx_word' id='word_1_267' title='bbox 715 3134 884 3208; x_wconf 79' lang='lat' dir='ltr'>agitabant,</span> <span class='ocrx_word' id='word_1_268' title='bbox 909 3133 1031 3192; x_wconf 84' lang='lat' dir='ltr'>Gaetuli</span> 
     </span>
     <span class='ocr_line' id='line_1_38' title="bbox 153 3213 1030 3289; baseline 0.005 -23"><span class='ocrx_word' id='word_1_269' title='bbox 153 3213 210 3267; x_wconf 91' lang='lat' dir='ltr'>sub</span> <span class='ocrx_word' id='word_1_270' title='bbox 234 3213 296 3269; x_wconf 89' lang='lat' dir='ltr'>sole</span> <span class='ocrx_word' id='word_1_271' title='bbox 318 3215 430 3287; x_wconf 80' lang='lat' dir='ltr'>magis,</span> <span class='ocrx_word' id='word_1_272' title='bbox 454 3213 535 3270; x_wconf 90' lang='lat' dir='ltr'>haud</span> <span class='ocrx_word' id='word_1_273' title='bbox 550 3215 654 3289; x_wconf 91' lang='lat' dir='ltr'>procul</span> <span class='ocrx_word' id='word_1_274' title='bbox 677 3215 714 3270; x_wconf 90' lang='lat' dir='ltr'>ab</span> <span class='ocrx_word' id='word_1_275' title='bbox 731 3214 1030 3286; x_wconf 89' lang='lat' dir='ltr'>ardoribus-iique</span> 
     </span>
     <span class='ocr_line' id='line_1_39' title="bbox 153 3293 1033 3368; baseline 0.006 -22"><span class='ocrx_word' id='word_1_276' title='bbox 153 3296 270 3348; x_wconf 91' lang='lat' dir='ltr'>mature</span> <span class='ocrx_word' id='word_1_277' title='bbox 293 3293 406 3368; x_wconf 88' lang='lat' dir='ltr'>oppida</span> <span class='ocrx_word' id='word_1_278' title='bbox 432 3293 580 3350; x_wconf 88' lang='lat' dir='ltr'>habuere:</span> <span class='ocrx_word' id='word_1_279' title='bbox 603 3313 673 3350; x_wconf 91' lang='lat' dir='ltr'>nam</span> <span class='ocrx_word' id='word_1_280' title='bbox 697 3294 774 3351; x_wconf 90' lang='lat' dir='ltr'>freto</span> <span class='ocrx_word' id='word_1_281' title='bbox 790 3295 882 3350; x_wconf 90' lang='lat' dir='ltr'>divisi</span> <span class='ocrx_word' id='word_1_282' title='bbox 908 3294 945 3350; x_wconf 91' lang='lat' dir='ltr'>ab</span> <span class='ocrx_word' id='word_1_283' title='bbox 961 3293 1033 3351; x_wconf 89' lang='lat' dir='ltr'>His-</span> 
     </span>
     <span class='ocr_line' id='line_1_40' title="bbox 152 3370 1031 3444; baseline 0.008 -19"><span class='ocrx_word' id='word_1_284' title='bbox 152 3370 247 3444; x_wconf 90' lang='lat' dir='ltr'>pania</span> <span class='ocrx_word' id='word_1_285' title='bbox 274 3379 392 3429; x_wconf 90' lang='lat' dir='ltr'>mutare</span> <span class='ocrx_word' id='word_1_286' title='bbox 419 3390 469 3428; x_wconf 90' lang='lat' dir='ltr'>res</span> <span class='ocrx_word' id='word_1_287' title='bbox 496 3373 577 3428; x_wconf 87' lang='lat' dir='ltr'>inter</span> <span class='ocrx_word' id='word_1_288' title='bbox 598 3391 630 3430; x_wconf 90' lang='lat' dir='ltr'>se</span> <span class='ocrx_word' id='word_1_289' title='bbox 658 3373 866 3432; x_wconf 88' lang='lat' dir='ltr'>instituerant.</span> <span class='ocrx_word' id='word_1_290' title='bbox 910 3373 1031 3432; x_wconf 88' lang='lat' dir='ltr'>Nomen</span> 
     </span>
    </p>
   </div>
   <div class='ocr_carea' id='block_1_3' title="bbox 0 0 1178 3718">
    <p class='ocr_par' dir='ltr' id='par_1_3' title="bbox 0 0 1178 3718">
     <span class='ocr_line' id='line_1_41' title="bbox 0 0 1178 3718; baseline 0 1"><span class='ocrx_word' id='word_1_291' title='bbox 0 0 1178 3718; x_wconf 95' lang='lat' dir='ltr'> </span> 
     </span>
    </p>
   </div>
  </div>
 </body>
</html>
