2346 3718
350 165 396 213 nn
421 165 543 213 nrnno
569 143 831 214 runnnrnmo.
1013 149 1055 213 41

122 331 289 393 scnratum,
311 323 478 398 periculum
500 342 631 398 anceps;
660 331 814 399 postremo
836 324 940 398 fugere
963 341 1002 380 an

122 421 245 461 manere
275 404 373 459 tutius
398 403 484 473 foret,
505 404 536 460 in
562 405 676 461 incerto
701 410 775 461 erat.
821 403 881 461 Sed
906 422 943 460 ex
967 421 1003 460 eo

122 501 257 553 numero,
274 501 350 557 quos
371 484 461 559 paulo
477 489 546 540 ante
562 491 719 558 corruptos
735 485 877 553 diximus,
894 483 1002 540 cohors

121 583 184 622 una
197 565 343 638 Ligurum
356 582 423 620 cum
439 564 558 620 duabus
569 567 678 621 turmis
690 565 841 622 Thracum
852 571 883 622 et
897 563 1002 639 paucis

121 645 272 720 gregariis
295 644 442 700 militibus
464 645 611 701 transiere
631 645 669 702 ad
684 662 796 717 regem,
813 652 844 702 et
863 644 1001 701 centurio
1038 645 1055 700 5

121 727 212 801 primi
234 725 287 800 pili
315 725 422 781 tertiae
450 723 580 798 legionis
603 743 657 800 per
681 726 888 791 munitionem,
913 742 1003 798 quam

121 807 165 862 uti
182 806 358 863 defenderet
372 813 534 880 acceperat,
551 805 649 862 locum
666 805 805 863 hostibus
830 804 1003 861 introeundi

121 887 216 956 dedit,
226 904 321 960 eaque
334 885 486 943 Numidae
499 886 597 942 cuncti
609 887 748 961 irrupere.
797 885 903 942 Nostri
913 885 1002 941 foeda

121 967 203 1040 fuga,
221 967 354 1040 plerique
374 965 499 1040 abjectis
515 966 617 1035 armis,
634 983 814 1039 proxumum
830 966 936 1023 collem
959 983 1005 1021 oc-

121 1055 319 1121 cupaverunt.
365 1046 436 1103 Nox
456 1053 546 1120 atque
568 1047 682 1121 praeda
700 1056 866 1102 castrorum
888 1046 1001 1115 hostes,
1021 1045 1056 1100 10

121 1145 182 1202 quo
205 1127 306 1183 minus
323 1125 446 1183 victoria
467 1133 633 1195 uterentur,
650 1132 803 1182 remorata
824 1131 903 1182 sunt.
946 1125 1004 1182 De-

121 1207 193 1263 inde
213 1206 370 1280 iugurtha
392 1212 514 1280 postero
543 1207 590 1264 die
613 1224 681 1262 cum
698 1206 779 1263 Aulo
801 1206 832 1264 in
855 1205 1003 1279 colloquio

121 1287 215 1343 verba
237 1287 325 1344 facit:
348 1286 473 1343 tametsi
497 1287 598 1360 ipsum
621 1305 689 1343 cum
711 1287 847 1343 exercitu
870 1287 950 1342 fame
971 1291 1003 1342 ct

121 1369 200 1424 ferro
215 1367 350 1423 clausum
366 1371 491 1434 teneret,
509 1372 612 1422 tamen
629 1385 661 1423 se
677 1385 841 1422 memorem
862 1367 1004 1422 hnmana

121 1465 187 1503 rnm
202 1465 309 1517 rerum,
321 1447 347 1503 si
363 1464 463 1504 secum
475 1447 580 1503 foedus
592 1447 711 1515 faceret,
722 1447 887 1502 incolumes
898 1463 1002 1502 omnes
1020 1447 1055 1503 15

121 1529 178 1584 snb
195 1530 304 1602 Jugnm
327 1527 511 1599 missurum3
533 1534 690 1602 praeterea
705 1527 750 1583 nti
770 1527 876 1583 diebus
899 1526 1002 1582 decem

121 1608 268 1664 Numidia
297 1608 463 1664 decederet.
509 1607 594 1680 Quae
619 1624 802 1682 quamquam
832 1607 939 1680 gravia
971 1611 1002 1662 et

120 1688 220 1762 flagiti
234 1688 324 1762 plena
344 1695 439 1754 erant,
457 1694 568 1756 tamen,
586 1689 658 1762 qnia
680 1689 788 1744 mortis
810 1695 894 1744 metu
915 1693 1003 1744 nuta·

119 1769 205 1836 bant,
222 1769 311 1825 sicuti
327 1768 389 1841 regi
406 1768 555 1834 lubnerat,
572 1785 634 1841 pax
650 1768 798 1825 convenit.

161 1852 206 1906 39.
232 1848 292 1906 Sed
305 1849 356 1904 nbi
367 1866 404 1904 ea
415 1848 530 1904 Rornae
541 1854 697 1922 comperta
709 1856 788 1917 sunt,
797 1852 897 1905 motus
908 1855 997 1922 atque
1015 1851 1054 1906 20

118 1947 239 1986 maeror
252 1929 410 1986 civitatem
425 1928 570 1985 invasere.
616 1928 694 1985 Pars
710 1929 810 1985 dolere
827 1946 881 2003 pro
899 1929 999 2002 gloria

118 2010 234 2084 imperi,
250 2027 321 2084 pars
342 2009 467 2066 insolita
488 2026 588 2064 rerum
603 2009 780 2065 bellicarum
796 2009 900 2065 timere
916 2009 1002 2065 liber-

117 2091 176 2147 tati
192 2111 199 2163 3
222 2091 419 2146 Auloomnes
434 2088 536 2144 infesti
549 2107 583 2146 ac
599 2107 738 2145 maxume
749 2089 800 2164 qni
818 2090 897 2145 bello
910 2107 1000 2162 saepe

116 2171 266 2245 praeclari
294 2169 423 2238 fuerant,
447 2169 527 2243 quod
558 2175 693 2225 armatus
726 2167 870 2226 dedecore
898 2169 1000 2243 potins

118 2269 213 2325 quam
242 2268 334 2306 manu
364 2250 494 2305 salntem
517 2250 718 2323 quaesiverat.
764 2249 811 2305 Ob
832 2268 869 2305 cn
894 2250 998 2306 consul
1016 2250 1052 2306 25

117 2330 253 2386 Albinus
276 2347 313 2386 ex
334 2330 443 2386 delicto
458 2329 561 2386 fratris
582 2330 731 2386 invidiam
751 2347 785 2385 ac
801 2329 908 2385 deinde
924 2329 999 2402 peri-

117 2411 222 2468 culum
252 2411 373 2479 timens,
396 2416 535 2466 senatum
559 2410 595 2466 de
625 2410 742 2466 foedere
766 2409 950 2478 consulebat,
967 2416 997 2465 et

116 2498 223 2548 tannen
248 2491 369 2547 interim
385 2490 530 2546 exercitui
547 2490 791 2564 supplementum
808 2489 945 2556 scribere,
963 2489 1000 2544 nb

118 2571 210 2628 sociis
231 2577 262 2628 et
281 2572 401 2627 nomine
426 2570 537 2626 Latino
560 2571 672 2627 auxilia
694 2570 998 2644 acce1·sere‚denique

118 2652 261 2708 omnibns
278 2651 374 2709 modis
387 2651 542 2707 festinare.
587 2650 718 2707 Senatus
729 2651 771 2706 ita
781 2651 825 2706 nti
835 2668 889 2723 par
901 2650 998 2705 fuerat
1014 2651 1052 2706 30

118 2732 262 2800 decernit,
279 2750 334 2788 suo
350 2740 440 2806 atque
463 2730 565 2805 populi
591 2731 707 2805 injussu
723 2731 838 2787 nnllnm
863 2731 998 2803 potuisse

118 2813 227 2870 foedus
243 2811 312 2869 fieri.
358 2811 472 2869 Consul
489 2810 652 2884 impeditus
668 2830 685 2868 a
700 2811 829 2868 tribunis
844 2810 949 2885 plebis,
960 2828 997 2867 ne

118 2911 196 2967 quas
211 2899 373 2966 paraverat
382 2892 486 2966 copias
499 2908 601 2947 secum
617 2898 761 2966 portaret,
778 2891 882 2966 paucis
892 2891 998 2947 diebus

118 2973 151 3028 in
172 2973 310 3029 Africam
333 2971 552 3046 proficiscitur:
575 2989 645 3027 nam
662 2972 761 3028 omnis
776 2972 934 3039 exercitus,
952 2971 996 3026 uti

118 3058 310 3121 convenerat,
339 3052 486 3108 Numidia
508 3051 658 3108 deductus
694 3051 724 3107 in
753 3051 908 3126 provincia
937 3050 1049 3108 hie-35

117 3133 232 3190 mahat.
278 3132 444 3207 Postquam
467 3149 503 3187 eo
527 3132 618 3200 venit,
642 3149 827 3206 quamquam
855 3131 995 3205 persequi

118 3213 305 3285 dngnrtham
321 3218 351 3268 ct
370 3212 483 3268 mederi
505 3212 657 3268 fraternae
678 3211 810 3268 invidiae
833 3210 934 3266 animo
954 3228 997 3265 ar·

118 3293 218 3360 debat,
231 3292 362 3363 cognitis
377 3291 534 3359 militibus
546 3309 623 3365 qnos
638 3298 758 3364 praeter
772 3292 876 3362 fugam
893 3291 994 3346 soluto

119 3373 246 3446 imperio
265 3372 388 3428 licentia
408 3378 498 3444 atque
518 3371 644 3426 lascivia
659 3376 840 3445 corruperat,
856 3387 894 3425 ex
908 3369 995 3443 copia

116 3470 218 3510 rerum
234 3451 344 3508 statuit
359 3450 418 3506 sibi
433 3449 509 3506 nihil
527 3448 714 3523 agitandum.
