<?xml version="1.0" encoding="UTF-8"?>
<!DOCTYPE html PUBLIC "-//W3C//DTD XHTML 1.0 Transitional//EN"
    "http://www.w3.org/TR/xhtml1/DTD/xhtml1-transitional.dtd">
<html xmlns="http://www.w3.org/1999/xhtml" xml:lang="en" lang="en">
 <head>
  <title>
</title>
<meta http-equiv="Content-Type" content="text/html;charset=utf-8" />
  <meta name='ocr-system' content='tesseract 3.04.00' />
  <meta name='ocr-capabilities' content='ocr_page ocr_carea ocr_par ocr_line ocrx_word'/>
</head>
<body>
  <div class='ocr_page' id='page_1' title='image "./csallusticrispi01stuagoog_0092.png"; bbox 0 0 2322 3718; ppageno 0'>
   <div class='ocr_carea' id='block_1_1' title="bbox 337 171 1040 232">
    <p class='ocr_par' dir='ltr' id='par_1_1' title="bbox 337 171 1040 232">
     <span class='ocr_line' id='line_1_1' title="bbox 337 171 1040 232; baseline 0.006 -4"><span class='ocrx_word' id='word_1_1' title='bbox 337 182 384 228; x_wconf 84' lang='lat' dir='ltr'><strong>nn</strong></span> <span class='ocrx_word' id='word_1_2' title='bbox 408 181 529 228; x_wconf 82' lang='lat' dir='ltr'><strong>annno</strong></span> <span class='ocrx_word' id='word_1_3' title='bbox 554 181 813 230; x_wconf 78' lang='lat' dir='ltr'><strong>tueuarnruo.</strong></span> <span class='ocrx_word' id='word_1_4' title='bbox 999 171 1040 232; x_wconf 81' lang='lat'><strong>85</strong></span> 
     </span>
    </p>
   </div>
   <div class='ocr_carea' id='block_1_2' title="bbox 108 340 1110 3397">
    <p class='ocr_par' dir='ltr' id='par_1_2' title="bbox 108 340 1042 900">
     <span class='ocr_line' id='line_1_2' title="bbox 108 340 984 418; baseline 0.001 -19"><span class='ocrx_word' id='word_1_5' title='bbox 108 341 250 417; x_wconf 89' lang='lat' dir='ltr'><strong>Denique</strong></span> <span class='ocrx_word' id='word_1_6' title='bbox 263 340 368 398; x_wconf 88' lang='lat' dir='ltr'><strong>hostes</strong></span> <span class='ocrx_word' id='word_1_7' title='bbox 378 342 442 415; x_wconf 89' lang='lat' dir='ltr'><strong>jam</strong></span> <span class='ocrx_word' id='word_1_8' title='bbox 453 341 662 416; x_wconf 84' lang='lat' dir='ltr'><strong>undiquelusi.</strong></span> <span class='ocrx_word' id='word_1_9' title='bbox 687 342 766 398; x_wconf 83' lang='lat' dir='ltr'><strong>Tum</strong></span> <span class='ocrx_word' id='word_1_10' title='bbox 776 344 984 418; x_wconf 73' lang='lat' dir='ltr'><strong>spectaculum</strong></span> 
     </span>
     <span class='ocr_line' id='line_1_3' title="bbox 108 422 987 497; baseline 0.003 -18"><span class='ocrx_word' id='word_1_11' title='bbox 108 423 252 480; x_wconf 83' lang='lat' dir='ltr'>horribile</span> <span class='ocrx_word' id='word_1_12' title='bbox 275 422 305 477; x_wconf 93' lang='lat' dir='ltr'><strong>in</strong></span> <span class='ocrx_word' id='word_1_13' title='bbox 329 423 444 496; x_wconf 88' lang='lat' dir='ltr'><strong>eampis</strong></span> <span class='ocrx_word' id='word_1_14' title='bbox 470 422 663 497; x_wconf 87' lang='lat' dir='ltr'><strong>patentibus:</strong></span> <span class='ocrx_word' id='word_1_15' title='bbox 694 423 790 497; x_wconf 86' lang='lat' dir='ltr'><strong>sequi,</strong></span> <span class='ocrx_word' id='word_1_16' title='bbox 812 423 924 497; x_wconf 80' lang='lat' dir='ltr'><strong>fugere,</strong></span> <span class='ocrx_word' id='word_1_17' title='bbox 942 443 987 482; x_wconf 90' lang='lat' dir='ltr'><strong>oc-</strong></span> 
     </span>
     <span class='ocr_line' id='line_1_4' title="bbox 108 501 989 577; baseline 0.002 -18"><span class='ocrx_word' id='word_1_18' title='bbox 108 503 177 572; x_wconf 93' lang='lat' dir='ltr'><strong>cidi,</strong></span> <span class='ocrx_word' id='word_1_19' title='bbox 194 502 281 576; x_wconf 80' lang='lat' dir='ltr'><strong>capi3</strong></span> <span class='ocrx_word' id='word_1_20' title='bbox 306 503 374 577; x_wconf 90' lang='lat' dir='ltr'><strong>eqni</strong></span> <span class='ocrx_word' id='word_1_21' title='bbox 391 509 481 576; x_wconf 90' lang='lat' dir='ltr'><strong>atque</strong></span> <span class='ocrx_word' id='word_1_22' title='bbox 498 502 554 560; x_wconf 84' lang='lat' dir='ltr'><strong>viri</strong></span> <span class='ocrx_word' id='word_1_23' title='bbox 571 501 692 572; x_wconf 87' lang='lat' dir='ltr'><strong>adflicti,</strong></span> <span class='ocrx_word' id='word_1_24' title='bbox 709 521 744 559; x_wconf 86' lang='lat' dir='ltr'><strong>ac</strong></span> <span class='ocrx_word' id='word_1_25' title='bbox 758 503 846 560; x_wconf 89' lang='lat' dir='ltr'><strong>multi</strong></span> <span class='ocrx_word' id='word_1_26' title='bbox 862 504 989 561; x_wconf 91' lang='lat' dir='ltr'><strong>volneri·</strong></span> 
     </span>
     <span class='ocr_line' id='line_1_5' title="bbox 109 582 988 662; baseline 0.001 -22"><span class='ocrx_word' id='word_1_27' title='bbox 109 585 168 640; x_wconf 90' lang='lat' dir='ltr'><strong>bus</strong></span> <span class='ocrx_word' id='word_1_28' title='bbox 184 582 316 657; x_wconf 86' lang='lat' dir='ltr'><strong>acceptis</strong></span> <span class='ocrx_word' id='word_1_29' title='bbox 331 601 427 657; x_wconf 92' lang='lat' dir='ltr'><strong>neque</strong></span> <span class='ocrx_word' id='word_1_30' title='bbox 443 583 547 656; x_wconf 82' lang='lat' dir='ltr'><strong>fugere</strong></span> <span class='ocrx_word' id='word_1_31' title='bbox 563 600 760 662; x_wconf 80' lang='lat' dir='ltr'><strong>posseneque</strong></span> <span class='ocrx_word' id='word_1_32' title='bbox 771 584 904 658; x_wconf 89' lang='lat' dir='ltr'><strong>quietem</strong></span> <span class='ocrx_word' id='word_1_33' title='bbox 915 585 988 659; x_wconf 87' lang='lat' dir='ltr'><strong>pati,</strong></span> 
     </span>
     <span class='ocr_line' id='line_1_6' title="bbox 110 663 1042 741; baseline 0.006 -21"><span class='ocrx_word' id='word_1_34' title='bbox 110 664 166 720; x_wconf 87' lang='lat' dir='ltr'><strong>niti</strong></span> <span class='ocrx_word' id='word_1_35' title='bbox 195 663 285 719; x_wconf 89' lang='lat' dir='ltr'><strong>modo</strong></span> <span class='ocrx_word' id='word_1_36' title='bbox 310 681 343 720; x_wconf 91' lang='lat' dir='ltr'><strong>ac</strong></span> <span class='ocrx_word' id='word_1_37' title='bbox 372 663 477 719; x_wconf 89' lang='lat' dir='ltr'><strong>statim</strong></span> <span class='ocrx_word' id='word_1_38' title='bbox 500 663 678 738; x_wconf 73' lang='lat' dir='ltr'><strong>concidere,</strong></span> <span class='ocrx_word' id='word_1_39' title='bbox 700 670 853 741; x_wconf 88' lang='lat' dir='ltr'><strong>postremo</strong></span> <span class='ocrx_word' id='word_1_40' title='bbox 876 666 987 735; x_wconf 91' lang='lat' dir='ltr'><strong>omnia,</strong></span> <span class='ocrx_word' id='word_1_41' title='bbox 1024 669 1042 726; x_wconf 84' lang='lat'>5</span> 
     </span>
     <span class='ocr_line' id='line_1_7' title="bbox 109 743 989 823; baseline 0.003 -23"><span class='ocrx_word' id='word_1_42' title='bbox 109 763 171 820; x_wconf 90' lang='lat' dir='ltr'><strong>qua</strong></span> <span class='ocrx_word' id='word_1_43' title='bbox 189 745 271 823; x_wconf 84' lang='lat' dir='ltr'><strong>visus</strong></span> <span class='ocrx_word' id='word_1_44' title='bbox 293 748 367 813; x_wconf 90' lang='lat' dir='ltr'><strong>erat,</strong></span> <span class='ocrx_word' id='word_1_45' title='bbox 385 749 541 800; x_wconf 86' lang='lat' dir='ltr'><strong>constrata</strong></span> <span class='ocrx_word' id='word_1_46' title='bbox 562 743 639 814; x_wconf 85' lang='lat' dir='ltr'><strong>telis,</strong></span> <span class='ocrx_word' id='word_1_47' title='bbox 656 743 758 816; x_wconf 80' lang='lat' dir='ltr'><strong>armiS,</strong></span> <span class='ocrx_word' id='word_1_48' title='bbox 781 745 989 818; x_wconf 88' lang='lat' dir='ltr'><strong>cadaveribus,</strong></span> 
     </span>
     <span class='ocr_line' id='line_1_8' title="bbox 110 823 707 900; baseline 0.002 -19"><span class='ocrx_word' id='word_1_49' title='bbox 110 833 143 882; x_wconf 91' lang='lat' dir='ltr'><strong>et</strong></span> <span class='ocrx_word' id='word_1_50' title='bbox 156 825 234 881; x_wconf 89' lang='lat' dir='ltr'><strong>inter</strong></span> <span class='ocrx_word' id='word_1_51' title='bbox 248 843 284 880; x_wconf 90' lang='lat' dir='ltr'><strong>ea</strong></span> <span class='ocrx_word' id='word_1_52' title='bbox 299 823 408 880; x_wconf 90' lang='lat' dir='ltr'><strong>humus</strong></span> <span class='ocrx_word' id='word_1_53' title='bbox 424 823 535 880; x_wconf 87' lang='lat' dir='ltr'><strong>infecta</strong></span> <span class='ocrx_word' id='word_1_54' title='bbox 549 826 707 900; x_wconf 83' lang='lat' dir='ltr'><strong>sanguine.</strong></span> 
     </span>
    </p>

    <p class='ocr_par' dir='ltr' id='par_1_3' title="bbox 110 903 1110 3397">
     <span class='ocr_line' id='line_1_9' title="bbox 154 903 992 983; baseline 0.001 -21"><span class='ocrx_word' id='word_1_55' title='bbox 154 907 218 963; x_wconf 75' lang='lat'>102.</span> <span class='ocrx_word' id='word_1_56' title='bbox 243 905 320 962; x_wconf 91' lang='lat' dir='ltr'><strong>Post</strong></span> <span class='ocrx_word' id='word_1_57' title='bbox 330 923 366 961; x_wconf 90' lang='lat' dir='ltr'><strong>ea</strong></span> <span class='ocrx_word' id='word_1_58' title='bbox 377 903 434 960; x_wconf 92' lang='lat' dir='ltr'><strong>loci</strong></span> <span class='ocrx_word' id='word_1_59' title='bbox 445 904 549 960; x_wconf 90' lang='lat' dir='ltr'><strong>consul</strong></span> <span class='ocrx_word' id='word_1_60' title='bbox 561 903 742 963; x_wconf 89' lang='lat' dir='ltr'><strong>hauddubie</strong></span> <span class='ocrx_word' id='word_1_61' title='bbox 753 906 992 983; x_wconf 91' lang='lat' dir='ltr'><strong>jamvictorper-</strong></span> 
     </span>
     <span class='ocr_line' id='line_1_10' title="bbox 110 984 992 1063; baseline 0.001 -20"><span class='ocrx_word' id='word_1_62' title='bbox 110 984 992 1063; x_wconf 79' lang='lat' dir='ltr'><strong>venitinoppidumCirtam,quoinitioprofectusintende-</strong></span> 
     </span>
     <span class='ocr_line' id='line_1_11' title="bbox 110 1066 1044 1141; baseline 0.003 -18"><span class='ocrx_word' id='word_1_63' title='bbox 110 1074 167 1124; x_wconf 87' lang='lat' dir='ltr'><strong>rat.</strong></span> <span class='ocrx_word' id='word_1_64' title='bbox 212 1066 258 1122; x_wconf 85' lang='lat' dir='ltr'><strong>Eo</strong></span> <span class='ocrx_word' id='word_1_65' title='bbox 280 1072 350 1140; x_wconf 91' lang='lat' dir='ltr'><strong>post</strong></span> <span class='ocrx_word' id='word_1_66' title='bbox 364 1066 444 1122; x_wconf 91' lang='lat' dir='ltr'><strong>diem</strong></span> <span class='ocrx_word' id='word_1_67' title='bbox 467 1066 606 1140; x_wconf 84' lang='lat' dir='ltr'><strong>quintum</strong></span> <span class='ocrx_word' id='word_1_68' title='bbox 628 1085 720 1141; x_wconf 91' lang='lat' dir='ltr'><strong>quam</strong></span> <span class='ocrx_word' id='word_1_69' title='bbox 740 1067 849 1123; x_wconf 91' lang='lat' dir='ltr'><strong>iterum</strong></span> <span class='ocrx_word' id='word_1_70' title='bbox 872 1068 991 1124; x_wconf 90' lang='lat' dir='ltr'><strong>barbari</strong></span> <span class='ocrx_word' id='word_1_71' title='bbox 1008 1071 1044 1126; x_wconf 90' lang='lat'><strong>10</strong></span> 
     </span>
     <span class='ocr_line' id='line_1_12' title="bbox 112 1146 998 1222; baseline 0.002 -19"><span class='ocrx_word' id='word_1_72' title='bbox 112 1147 190 1204; x_wconf 91' lang='lat' dir='ltr'><strong>male</strong></span> <span class='ocrx_word' id='word_1_73' title='bbox 205 1152 428 1221; x_wconf 83' lang='lat' dir='ltr'><strong>pugnaverant,</strong></span> <span class='ocrx_word' id='word_1_74' title='bbox 441 1146 536 1220; x_wconf 83' lang='lat' dir='ltr'><strong>legati</strong></span> <span class='ocrx_word' id='word_1_75' title='bbox 548 1165 566 1203; x_wconf 91' lang='lat' dir='ltr'><strong>a</strong></span> <span class='ocrx_word' id='word_1_76' title='bbox 577 1146 698 1204; x_wconf 92' lang='lat' dir='ltr'><strong>Boccho</strong></span> <span class='ocrx_word' id='word_1_77' title='bbox 711 1148 846 1217; x_wconf 88' lang='lat' dir='ltr'><strong>veniunt,</strong></span> <span class='ocrx_word' id='word_1_78' title='bbox 855 1147 906 1222; x_wconf 90' lang='lat' dir='ltr'><strong>qui</strong></span> <span class='ocrx_word' id='word_1_79' title='bbox 916 1149 998 1222; x_wconf 85' lang='lat' dir='ltr'><strong>regis</strong></span> 
     </span>
     <span class='ocr_line' id='line_1_13' title="bbox 112 1227 992 1303; baseline 0.001 -19"><span class='ocrx_word' id='word_1_80' title='bbox 112 1228 215 1284; x_wconf 90' lang='lat' dir='ltr'><strong>verbis</strong></span> <span class='ocrx_word' id='word_1_81' title='bbox 231 1228 268 1283; x_wconf 90' lang='lat' dir='ltr'><strong>ab</strong></span> <span class='ocrx_word' id='word_1_82' title='bbox 289 1227 388 1284; x_wconf 89' lang='lat' dir='ltr'><strong>Mario</strong></span> <span class='ocrx_word' id='word_1_83' title='bbox 406 1228 550 1303; x_wconf 85' lang='lat' dir='ltr'>petivere,</span> <span class='ocrx_word' id='word_1_84' title='bbox 567 1228 644 1285; x_wconf 90' lang='lat' dir='ltr'><strong>duos</strong></span> <span class='ocrx_word' id='word_1_85' title='bbox 659 1245 750 1302; x_wconf 90' lang='lat' dir='ltr'><strong>quam</strong></span> <span class='ocrx_word' id='word_1_86' title='bbox 766 1228 939 1284; x_wconf 88' lang='lat' dir='ltr'><strong>fidissumos</strong></span> <span class='ocrx_word' id='word_1_87' title='bbox 954 1229 992 1285; x_wconf 92' lang='lat' dir='ltr'><strong>ad</strong></span> 
     </span>
     <span class='ocr_line' id='line_1_14' title="bbox 111 1307 994 1383; baseline 0.001 -19"><span class='ocrx_word' id='word_1_88' title='bbox 111 1327 182 1365; x_wconf 91' lang='lat' dir='ltr'><strong>eum</strong></span> <span class='ocrx_word' id='word_1_89' title='bbox 199 1308 350 1379; x_wconf 70' lang='lat' dir='ltr'><strong>mitteret,</strong></span> <span class='ocrx_word' id='word_1_90' title='bbox 373 1308 450 1364; x_wconf 86' lang='lat' dir='ltr'><strong>velle</strong></span> <span class='ocrx_word' id='word_1_91' title='bbox 467 1307 502 1364; x_wconf 94' lang='lat' dir='ltr'><strong>de</strong></span> <span class='ocrx_word' id='word_1_92' title='bbox 514 1326 545 1365; x_wconf 92' lang='lat' dir='ltr'><strong>se</strong></span> <span class='ocrx_word' id='word_1_93' title='bbox 559 1315 592 1365; x_wconf 91' lang='lat' dir='ltr'><strong>ct</strong></span> <span class='ocrx_word' id='word_1_94' title='bbox 607 1309 643 1365; x_wconf 92' lang='lat' dir='ltr'><strong>de</strong></span> <span class='ocrx_word' id='word_1_95' title='bbox 655 1308 759 1383; x_wconf 90' lang='lat' dir='ltr'><strong>populi</strong></span> <span class='ocrx_word' id='word_1_96' title='bbox 770 1309 902 1365; x_wconf 83' lang='lat' dir='ltr'><strong>Romani</strong></span> <span class='ocrx_word' id='word_1_97' title='bbox 916 1327 994 1366; x_wconf 91' lang='lat' dir='ltr'><strong>eom-</strong></span> 
     </span>
     <span class='ocr_line' id='line_1_15' title="bbox 112 1387 990 1446; baseline 0 -1"><span class='ocrx_word' id='word_1_98' title='bbox 112 1388 204 1446; x_wconf 90' lang='lat' dir='ltr'><strong>modo</strong></span> <span class='ocrx_word' id='word_1_99' title='bbox 219 1406 286 1445; x_wconf 91' lang='lat' dir='ltr'><strong>cum</strong></span> <span class='ocrx_word' id='word_1_100' title='bbox 302 1388 345 1444; x_wconf 91' lang='lat' dir='ltr'><strong>eis</strong></span> <span class='ocrx_word' id='word_1_101' title='bbox 361 1389 515 1445; x_wconf 82' lang='lat' dir='ltr'>disserere.</span> <span class='ocrx_word' id='word_1_102' title='bbox 553 1387 609 1444; x_wconf 91' lang='lat' dir='ltr'><strong>Ille</strong></span> <span class='ocrx_word' id='word_1_103' title='bbox 620 1389 724 1445; x_wconf 89' lang='lat' dir='ltr'><strong>statim</strong></span> <span class='ocrx_word' id='word_1_104' title='bbox 738 1388 773 1445; x_wconf 88' lang='lat' dir='ltr'><strong>L.</strong></span> <span class='ocrx_word' id='word_1_105' title='bbox 785 1387 900 1445; x_wconf 83' lang='lat' dir='ltr'><strong>Sullam</strong></span> <span class='ocrx_word' id='word_1_106' title='bbox 910 1395 942 1445; x_wconf 90' lang='lat' dir='ltr'><strong>et</strong></span> <span class='ocrx_word' id='word_1_107' title='bbox 953 1389 990 1446; x_wconf 87' lang='lat' dir='ltr'><strong>A.</strong></span> 
     </span>
     <span class='ocr_line' id='line_1_16' title="bbox 113 1468 1046 1544; baseline 0.001 -18"><span class='ocrx_word' id='word_1_108' title='bbox 113 1469 266 1526; x_wconf 87' lang='lat' dir='ltr'><strong>Manlium</strong></span> <span class='ocrx_word' id='word_1_109' title='bbox 281 1469 324 1525; x_wconf 90' lang='lat' dir='ltr'><strong>ire</strong></span> <span class='ocrx_word' id='word_1_110' title='bbox 334 1469 428 1543; x_wconf 91' lang='lat' dir='ltr'><strong>jubet.</strong></span> <span class='ocrx_word' id='word_1_111' title='bbox 474 1469 533 1541; x_wconf 81' lang='lat' dir='ltr'><strong>Qui</strong></span> <span class='ocrx_word' id='word_1_112' title='bbox 546 1487 729 1544; x_wconf 90' lang='lat' dir='ltr'><strong>quamquam</strong></span> <span class='ocrx_word' id='word_1_113' title='bbox 743 1469 832 1526; x_wconf 92' lang='lat' dir='ltr'><strong>acciti</strong></span> <span class='ocrx_word' id='word_1_114' title='bbox 848 1468 940 1539; x_wconf 91' lang='lat' dir='ltr'><strong>ibant,</strong></span> <span class='ocrx_word' id='word_1_115' title='bbox 951 1475 995 1525; x_wconf 93' lang='lat' dir='ltr'><strong>ta·</strong></span> <span class='ocrx_word' id='word_1_116' title='bbox 1010 1470 1046 1527; x_wconf 83' lang='lat'><strong>15</strong></span> 
     </span>
     <span class='ocr_line' id='line_1_17' title="bbox 113 1548 992 1630; baseline 0 -25"><span class='ocrx_word' id='word_1_117' title='bbox 113 1568 182 1606; x_wconf 89' lang='lat' dir='ltr'><strong>men</strong></span> <span class='ocrx_word' id='word_1_118' title='bbox 199 1549 313 1624; x_wconf 81' lang='lat' dir='ltr'><strong>placuit</strong></span> <span class='ocrx_word' id='word_1_119' title='bbox 327 1549 420 1604; x_wconf 90' lang='lat' dir='ltr'><strong>verba</strong></span> <span class='ocrx_word' id='word_1_120' title='bbox 443 1549 521 1623; x_wconf 89' lang='lat' dir='ltr'><strong>apud</strong></span> <span class='ocrx_word' id='word_1_121' title='bbox 544 1567 646 1630; x_wconf 84' lang='lat' dir='ltr'><strong>regem</strong></span> <span class='ocrx_word' id='word_1_122' title='bbox 660 1549 765 1619; x_wconf 85' lang='lat' dir='ltr'><strong>lacere,</strong></span> <span class='ocrx_word' id='word_1_123' title='bbox 774 1549 818 1605; x_wconf 94' lang='lat' dir='ltr'><strong>uti</strong></span> <span class='ocrx_word' id='word_1_124' title='bbox 837 1548 992 1622; x_wconf 84' lang='lat' dir='ltr'>ingenium</span> 
     </span>
     <span class='ocr_line' id='line_1_18' title="bbox 114 1629 995 1705; baseline 0.001 -20"><span class='ocrx_word' id='word_1_125' title='bbox 114 1635 168 1685; x_wconf 92' lang='lat' dir='ltr'><strong>aut</strong></span> <span class='ocrx_word' id='word_1_126' title='bbox 183 1647 325 1686; x_wconf 89' lang='lat' dir='ltr'><strong>avorsum</strong></span> <span class='ocrx_word' id='word_1_127' title='bbox 338 1629 493 1686; x_wconf 87' lang='lat' dir='ltr'><strong>flecterent</strong></span> <span class='ocrx_word' id='word_1_128' title='bbox 508 1635 560 1685; x_wconf 87' lang='lat' dir='ltr'><strong>aut</strong></span> <span class='ocrx_word' id='word_1_129' title='bbox 578 1629 722 1704; x_wconf 89' lang='lat' dir='ltr'><strong>cupidum</strong></span> <span class='ocrx_word' id='word_1_130' title='bbox 740 1629 825 1705; x_wconf 83' lang='lat' dir='ltr'><strong>pacis</strong></span> <span class='ocrx_word' id='word_1_131' title='bbox 836 1629 995 1686; x_wconf 89' lang='lat' dir='ltr'><strong>vehemen-</strong></span> 
     </span>
     <span class='ocr_line' id='line_1_19' title="bbox 113 1707 995 1784; baseline 0 -18"><span class='ocrx_word' id='word_1_132' title='bbox 113 1710 177 1766; x_wconf 84' lang='lat' dir='ltr'><strong>tius</strong></span> <span class='ocrx_word' id='word_1_133' title='bbox 190 1709 394 1767; x_wconf 83' lang='lat' dir='ltr'><strong>accenderent.</strong></span> <span class='ocrx_word' id='word_1_134' title='bbox 438 1709 548 1784; x_wconf 87' lang='lat' dir='ltr'><strong>ltaqne</strong></span> <span class='ocrx_word' id='word_1_135' title='bbox 561 1707 655 1780; x_wconf 84' lang='lat' dir='ltr'><strong>Sulla,</strong></span> <span class='ocrx_word' id='word_1_136' title='bbox 665 1712 751 1784; x_wconf 90' lang='lat' dir='ltr'><strong>cujus</strong></span> <span class='ocrx_word' id='word_1_137' title='bbox 758 1710 925 1779; x_wconf 87' lang='lat' dir='ltr'><strong>facundiae,</strong></span> <span class='ocrx_word' id='word_1_138' title='bbox 934 1728 995 1766; x_wconf 93' lang='lat' dir='ltr'><strong>non</strong></span> 
     </span>
     <span class='ocr_line' id='line_1_20' title="bbox 115 1788 994 1866; baseline 0.001 -20"><span class='ocrx_word' id='word_1_139' title='bbox 115 1791 220 1859; x_wconf 88' lang='lat' dir='ltr'><strong>aetati,</strong></span> <span class='ocrx_word' id='word_1_140' title='bbox 242 1807 260 1844; x_wconf 90' lang='lat' dir='ltr'><strong>a</strong></span> <span class='ocrx_word' id='word_1_141' title='bbox 288 1788 405 1846; x_wconf 89' lang='lat' dir='ltr'><strong>Manlio</strong></span> <span class='ocrx_word' id='word_1_142' title='bbox 428 1807 615 1862; x_wconf 89' lang='lat' dir='ltr'><strong>concessum,</strong></span> <span class='ocrx_word' id='word_1_143' title='bbox 638 1809 736 1866; x_wconf 90' lang='lat' dir='ltr'><strong>pauca</strong></span> <span class='ocrx_word' id='word_1_144' title='bbox 758 1790 850 1847; x_wconf 81' lang='lat' dir='ltr'><strong>verlra</strong></span> <span class='ocrx_word' id='word_1_145' title='bbox 871 1789 994 1864; x_wconf 89' lang='lat' dir='ltr'><strong>hujusce</strong></span> 
     </span>
     <span class='ocr_line' id='line_1_21' title="bbox 113 1869 1048 1946; baseline 0.002 -19"><span class='ocrx_word' id='word_1_146' title='bbox 113 1870 197 1927; x_wconf 91' lang='lat' dir='ltr'><strong>modi</strong></span> <span class='ocrx_word' id='word_1_147' title='bbox 219 1870 352 1927; x_wconf 88' lang='lat' dir='ltr'><strong>locutus:</strong></span> <span class='ocrx_word' id='word_1_148' title='bbox 376 1869 470 1927; x_wconf 83' lang='lat' dir='ltr'><strong>“Rex</strong></span> <span class='ocrx_word' id='word_1_149' title='bbox 490 1870 619 1939; x_wconf 88' lang='lat' dir='ltr'><strong>Bocche,</strong></span> <span class='ocrx_word' id='word_1_150' title='bbox 635 1889 749 1946; x_wconf 84' lang='lat' dir='ltr'><strong>magna</strong></span> <span class='ocrx_word' id='word_1_151' title='bbox 770 1871 887 1927; x_wconf 89' lang='lat' dir='ltr'><strong>laetitia</strong></span> <span class='ocrx_word' id='word_1_152' title='bbox 909 1870 995 1926; x_wconf 91' lang='lat' dir='ltr'><strong>nobis</strong></span> <span class='ocrx_word' id='word_1_153' title='bbox 1010 1871 1048 1929; x_wconf 82' lang='lat'><strong>20</strong></span> 
     </span>
     <span class='ocr_line' id='line_1_22' title="bbox 113 1950 995 2025; baseline 0 -18"><span class='ocrx_word' id='word_1_154' title='bbox 113 1956 171 2020; x_wconf 90' lang='lat' dir='ltr'><strong>est,</strong></span> <span class='ocrx_word' id='word_1_155' title='bbox 188 1969 256 2007; x_wconf 89' lang='lat' dir='ltr'><strong>cum</strong></span> <span class='ocrx_word' id='word_1_156' title='bbox 279 1956 309 2007; x_wconf 91' lang='lat' dir='ltr'><strong>te</strong></span> <span class='ocrx_word' id='word_1_157' title='bbox 326 1950 419 2006; x_wconf 90' lang='lat' dir='ltr'><strong>talem</strong></span> <span class='ocrx_word' id='word_1_158' title='bbox 435 1950 533 2007; x_wconf 89' lang='lat' dir='ltr'><strong>virum</strong></span> <span class='ocrx_word' id='word_1_159' title='bbox 551 1951 580 2007; x_wconf 93' lang='lat' dir='ltr'><strong>di</strong></span> <span class='ocrx_word' id='word_1_160' title='bbox 604 1969 755 2020; x_wconf 83' lang='lat' dir='ltr'><strong>monuere,</strong></span> <span class='ocrx_word' id='word_1_161' title='bbox 771 1951 815 2008; x_wconf 89' lang='lat' dir='ltr'><strong>uti</strong></span> <span class='ocrx_word' id='word_1_162' title='bbox 831 1951 995 2025; x_wconf 90' lang='lat' dir='ltr'><strong>aliquando</strong></span> 
     </span>
     <span class='ocr_line' id='line_1_23' title="bbox 114 2030 996 2106; baseline 0 -19"><span class='ocrx_word' id='word_1_163' title='bbox 114 2049 222 2106; x_wconf 87' lang='lat' dir='ltr'><strong>pacem</strong></span> <span class='ocrx_word' id='word_1_164' title='bbox 238 2049 328 2105; x_wconf 91' lang='lat' dir='ltr'><strong>quam</strong></span> <span class='ocrx_word' id='word_1_165' title='bbox 351 2030 464 2087; x_wconf 90' lang='lat' dir='ltr'><strong>bellum</strong></span> <span class='ocrx_word' id='word_1_166' title='bbox 485 2031 601 2102; x_wconf 79' lang='lat' dir='ltr'><strong>mallee,</strong></span> <span class='ocrx_word' id='word_1_167' title='bbox 618 2049 676 2088; x_wconf 89' lang='lat' dir='ltr'><strong>neu</strong></span> <span class='ocrx_word' id='word_1_168' title='bbox 697 2037 728 2088; x_wconf 87' lang='lat' dir='ltr'><strong>te</strong></span> <span class='ocrx_word' id='word_1_169' title='bbox 749 2037 906 2106; x_wconf 86' lang='lat' dir='ltr'><strong>optumum</strong></span> <span class='ocrx_word' id='word_1_170' title='bbox 928 2048 996 2088; x_wconf 86' lang='lat' dir='ltr'><strong>cum</strong></span> 
     </span>
     <span class='ocr_line' id='line_1_24' title="bbox 114 2111 996 2187; baseline -0.001 -19"><span class='ocrx_word' id='word_1_171' title='bbox 114 2129 260 2187; x_wconf 84' lang='lat' dir='ltr'><strong>pessumo</strong></span> <span class='ocrx_word' id='word_1_172' title='bbox 282 2111 417 2168; x_wconf 92' lang='lat' dir='ltr'><strong>omnium</strong></span> <span class='ocrx_word' id='word_1_173' title='bbox 440 2111 598 2185; x_wconf 78' lang='lat' dir='ltr'><strong>Jugurtha</strong></span> <span class='ocrx_word' id='word_1_174' title='bbox 620 2111 776 2169; x_wconf 89' lang='lat' dir='ltr'><strong>miscendo</strong></span> <span class='ocrx_word' id='word_1_175' title='bbox 797 2111 996 2168; x_wconf 74' lang='lat' dir='ltr'><strong>conrmacula</strong></span> 
     </span>
     <span class='ocr_line' id='line_1_25' title="bbox 115 2191 994 2261; baseline -0.002 -13"><span class='ocrx_word' id='word_1_176' title='bbox 115 2209 173 2261; x_wconf 88' lang='lat' dir='ltr'><strong>res,</strong></span> <span class='ocrx_word' id='word_1_177' title='bbox 191 2191 280 2247; x_wconf 90' lang='lat' dir='ltr'><strong>simul</strong></span> <span class='ocrx_word' id='word_1_178' title='bbox 303 2192 392 2248; x_wconf 91' lang='lat' dir='ltr'><strong>nobis</strong></span> <span class='ocrx_word' id='word_1_179' title='bbox 412 2191 548 2248; x_wconf 87' lang='lat' dir='ltr'><strong>demeres</strong></span> <span class='ocrx_word' id='word_1_180' title='bbox 569 2193 710 2249; x_wconf 84' lang='lat' dir='ltr'><strong>acerbam</strong></span> <span class='ocrx_word' id='word_1_181' title='bbox 730 2192 994 2261; x_wconf 86' lang='lat' dir='ltr'><strong>necessitudinem,</strong></span> 
     </span>
     <span class='ocr_line' id='line_1_26' title="bbox 114 2271 1048 2348; baseline 0 -20"><span class='ocrx_word' id='word_1_182' title='bbox 114 2272 233 2348; x_wconf 88' lang='lat' dir='ltr'><strong>pariter</strong></span> <span class='ocrx_word' id='word_1_183' title='bbox 254 2276 283 2328; x_wconf 91' lang='lat' dir='ltr'><strong>te</strong></span> <span class='ocrx_word' id='word_1_184' title='bbox 305 2279 456 2328; x_wconf 87' lang='lat' dir='ltr'><strong>errantem</strong></span> <span class='ocrx_word' id='word_1_185' title='bbox 481 2278 571 2346; x_wconf 90' lang='lat' dir='ltr'><strong>atque</strong></span> <span class='ocrx_word' id='word_1_186' title='bbox 599 2273 685 2328; x_wconf 92' lang='lat' dir='ltr'><strong>illum</strong></span> <span class='ocrx_word' id='word_1_187' title='bbox 715 2271 995 2328; x_wconf 85' lang='lat' dir='ltr'><strong>sceleratissumum</strong></span> <span class='ocrx_word' id='word_1_188' title='bbox 1011 2273 1048 2328; x_wconf 79' lang='lat'><strong>25</strong></span> 
     </span>
     <span class='ocr_line' id='line_1_27' title="bbox 115 2351 997 2428; baseline -0.002 -20"><span class='ocrx_word' id='word_1_189' title='bbox 115 2351 266 2428; x_wconf 85' lang='lat' dir='ltr'><strong>persequi.</strong></span> <span class='ocrx_word' id='word_1_190' title='bbox 311 2351 361 2408; x_wconf 88' lang='lat' dir='ltr'><strong>Ad</strong></span> <span class='ocrx_word' id='word_1_191' title='bbox 378 2352 433 2409; x_wconf 90' lang='lat' dir='ltr'><strong>hoe</strong></span> <span class='ocrx_word' id='word_1_192' title='bbox 448 2353 560 2428; x_wconf 91' lang='lat' dir='ltr'><strong>populo</strong></span> <span class='ocrx_word' id='word_1_193' title='bbox 577 2353 719 2409; x_wconf 83' lang='lat' dir='ltr'><strong>Romano</strong></span> <span class='ocrx_word' id='word_1_194' title='bbox 734 2353 799 2425; x_wconf 87' lang='lat' dir='ltr'><strong>jam</strong></span> <span class='ocrx_word' id='word_1_195' title='bbox 816 2351 997 2426; x_wconf 88' lang='lat' dir='ltr'><strong>aprincipio</strong></span> 
     </span>
     <span class='ocr_line' id='line_1_28' title="bbox 118 2429 996 2510; baseline 0.001 -23"><span class='ocrx_word' id='word_1_196' title='bbox 118 2429 238 2510; x_wconf 91' lang='lat' dir='ltr'><strong>[inopi]</strong></span> <span class='ocrx_word' id='word_1_197' title='bbox 255 2431 361 2488; x_wconf 90' lang='lat' dir='ltr'><strong>melius</strong></span> <span class='ocrx_word' id='word_1_198' title='bbox 377 2432 475 2489; x_wconf 89' lang='lat' dir='ltr'><strong>visum</strong></span> <span class='ocrx_word' id='word_1_199' title='bbox 494 2433 608 2489; x_wconf 87' lang='lat' dir='ltr'><strong>amicos</strong></span> <span class='ocrx_word' id='word_1_200' title='bbox 621 2450 712 2506; x_wconf 90' lang='lat' dir='ltr'><strong>quam</strong></span> <span class='ocrx_word' id='word_1_201' title='bbox 728 2448 833 2488; x_wconf 87' lang='lat' dir='ltr'><strong>servos</strong></span> <span class='ocrx_word' id='word_1_202' title='bbox 845 2450 996 2507; x_wconf 85' lang='lat' dir='ltr'><strong>quaerere,</strong></span> 
     </span>
     <span class='ocr_line' id='line_1_29' title="bbox 115 2511 995 2587; baseline 0 -18"><span class='ocrx_word' id='word_1_203' title='bbox 115 2513 276 2586; x_wconf 91' lang='lat' dir='ltr'><strong>tutiusque</strong></span> <span class='ocrx_word' id='word_1_204' title='bbox 299 2512 356 2568; x_wconf 86' lang='lat' dir='ltr'><strong>rati</strong></span> <span class='ocrx_word' id='word_1_205' title='bbox 373 2512 547 2569; x_wconf 90' lang='lat' dir='ltr'><strong>volentibus</strong></span> <span class='ocrx_word' id='word_1_206' title='bbox 565 2531 657 2587; x_wconf 88' lang='lat' dir='ltr'><strong>quam</strong></span> <span class='ocrx_word' id='word_1_207' title='bbox 673 2511 787 2569; x_wconf 89' lang='lat' dir='ltr'><strong>coactis</strong></span> <span class='ocrx_word' id='word_1_208' title='bbox 812 2512 995 2587; x_wconf 87' lang='lat' dir='ltr'><strong>imperitare.</strong></span> 
     </span>
     <span class='ocr_line' id='line_1_30' title="bbox 116 2592 996 2668; baseline -0.002 -18"><span class='ocrx_word' id='word_1_209' title='bbox 116 2592 187 2650; x_wconf 83' lang='lat' dir='ltr'><strong>Tibi</strong></span> <span class='ocrx_word' id='word_1_210' title='bbox 197 2609 266 2648; x_wconf 92' lang='lat' dir='ltr'><strong>vero</strong></span> <span class='ocrx_word' id='word_1_211' title='bbox 277 2593 566 2668; x_wconf 88' lang='lat' dir='ltr'><strong>nullaopportunior</strong></span> <span class='ocrx_word' id='word_1_212' title='bbox 574 2599 681 2650; x_wconf 90' lang='lat' dir='ltr'><strong>nostra</strong></span> <span class='ocrx_word' id='word_1_213' title='bbox 691 2592 825 2649; x_wconf 90' lang='lat' dir='ltr'><strong>amicitia</strong></span> <span class='ocrx_word' id='word_1_214' title='bbox 836 2613 842 2666; x_wconf 89' lang='lat'>;</span> <span class='ocrx_word' id='word_1_215' title='bbox 857 2592 996 2668; x_wconf 89' lang='lat' dir='ltr'><strong>primum,</strong></span> 
     </span>
     <span class='ocr_line' id='line_1_31' title="bbox 115 2673 1051 2749; baseline 0 -19"><span class='ocrx_word' id='word_1_216' title='bbox 115 2673 190 2749; x_wconf 91' lang='lat' dir='ltr'><strong>quia</strong></span> <span class='ocrx_word' id='word_1_217' title='bbox 218 2673 322 2748; x_wconf 90' lang='lat' dir='ltr'><strong>procul</strong></span> <span class='ocrx_word' id='word_1_218' title='bbox 346 2673 499 2742; x_wconf 88' lang='lat' dir='ltr'><strong>absumus,</strong></span> <span class='ocrx_word' id='word_1_219' title='bbox 525 2673 557 2729; x_wconf 91' lang='lat' dir='ltr'><strong>in</strong></span> <span class='ocrx_word' id='word_1_220' title='bbox 579 2691 639 2748; x_wconf 93' lang='lat' dir='ltr'><strong>quo</strong></span> <span class='ocrx_word' id='word_1_221' title='bbox 661 2673 792 2730; x_wconf 89' lang='lat' dir='ltr'><strong>offensae</strong></span> <span class='ocrx_word' id='word_1_222' title='bbox 817 2673 997 2742; x_wconf 88' lang='lat' dir='ltr'><strong>minumum,</strong></span> <span class='ocrx_word' id='word_1_223' title='bbox 1014 2674 1051 2730; x_wconf 84' lang='lat'><strong>30</strong></span> 
     </span>
     <span class='ocr_line' id='line_1_32' title="bbox 116 2752 999 2829; baseline -0.002 -19"><span class='ocrx_word' id='word_1_224' title='bbox 116 2753 221 2829; x_wconf 88' lang='lat' dir='ltr'><strong>gratia</strong></span> <span class='ocrx_word' id='word_1_225' title='bbox 241 2771 297 2828; x_wconf 89' lang='lat' dir='ltr'><strong>par</strong></span> <span class='ocrx_word' id='word_1_226' title='bbox 320 2771 354 2810; x_wconf 92' lang='lat' dir='ltr'><strong>ac</strong></span> <span class='ocrx_word' id='word_1_227' title='bbox 375 2752 401 2811; x_wconf 89' lang='lat' dir='ltr'><strong>si</strong></span> <span class='ocrx_word' id='word_1_228' title='bbox 423 2771 517 2828; x_wconf 90' lang='lat' dir='ltr'><strong>prope</strong></span> <span class='ocrx_word' id='word_1_229' title='bbox 539 2753 738 2827; x_wconf 83' lang='lat' dir='ltr'><strong>adessemus3</strong></span> <span class='ocrx_word' id='word_1_230' title='bbox 760 2753 839 2817; x_wconf 83' lang='lat' dir='ltr'><strong>dein,</strong></span> <span class='ocrx_word' id='word_1_231' title='bbox 856 2753 928 2828; x_wconf 90' lang='lat' dir='ltr'><strong>quia</strong></span> <span class='ocrx_word' id='word_1_232' title='bbox 948 2770 999 2826; x_wconf 89' lang='lat' dir='ltr'><strong>pa·</strong></span> 
     </span>
     <span class='ocr_line' id='line_1_33' title="bbox 115 2833 998 2908; baseline -0.002 -17"><span class='ocrx_word' id='word_1_233' title='bbox 115 2840 220 2891; x_wconf 88' lang='lat' dir='ltr'><strong>rentes</strong></span> <span class='ocrx_word' id='word_1_234' title='bbox 231 2834 350 2891; x_wconf 90' lang='lat' dir='ltr'><strong>abunde</strong></span> <span class='ocrx_word' id='word_1_235' title='bbox 358 2833 514 2902; x_wconf 87' lang='lat' dir='ltr'><strong>habemus,</strong></span> <span class='ocrx_word' id='word_1_236' title='bbox 523 2833 687 2891; x_wconf 89' lang='lat' dir='ltr'><strong>amicorum</strong></span> <span class='ocrx_word' id='word_1_237' title='bbox 696 2852 791 2908; x_wconf 90' lang='lat' dir='ltr'><strong>neque</strong></span> <span class='ocrx_word' id='word_1_238' title='bbox 803 2833 889 2890; x_wconf 90' lang='lat' dir='ltr'><strong>nobis</strong></span> <span class='ocrx_word' id='word_1_239' title='bbox 900 2849 998 2907; x_wconf 91' lang='lat' dir='ltr'><strong>neque</strong></span> 
     </span>
     <span class='ocr_line' id='line_1_34' title="bbox 116 2913 999 2991; baseline -0.005 -19"><span class='ocrx_word' id='word_1_240' title='bbox 116 2916 260 2991; x_wconf 88' lang='lat' dir='ltr'><strong>cuiquam</strong></span> <span class='ocrx_word' id='word_1_241' title='bbox 281 2915 414 2972; x_wconf 91' lang='lat' dir='ltr'><strong>omnium</strong></span> <span class='ocrx_word' id='word_1_242' title='bbox 437 2914 513 2970; x_wconf 89' lang='lat' dir='ltr'><strong>satis</strong></span> <span class='ocrx_word' id='word_1_243' title='bbox 535 2914 601 2970; x_wconf 87' lang='lat' dir='ltr'><strong>fuit.</strong></span> <span class='ocrx_word' id='word_1_244' title='bbox 646 2914 748 2987; x_wconf 89' lang='lat' dir='ltr'><strong>Atque</strong></span> <span class='ocrx_word' id='word_1_245' title='bbox 770 2913 826 2970; x_wconf 91' lang='lat' dir='ltr'><strong>hoc</strong></span> <span class='ocrx_word' id='word_1_246' title='bbox 841 2913 958 2969; x_wconf 90' lang='lat' dir='ltr'><strong>utinam</strong></span> <span class='ocrx_word' id='word_1_247' title='bbox 981 2929 999 2969; x_wconf 94' lang='lat' dir='ltr'><strong>a</strong></span> 
     </span>
     <span class='ocr_line' id='line_1_35' title="bbox 115 2992 1001 3071; baseline -0.002 -21"><span class='ocrx_word' id='word_1_248' title='bbox 115 2995 267 3071; x_wconf 90' lang='lat' dir='ltr'><strong>principio</strong></span> <span class='ocrx_word' id='word_1_249' title='bbox 296 2995 351 3051; x_wconf 92' lang='lat' dir='ltr'><strong>tibi</strong></span> <span class='ocrx_word' id='word_1_250' title='bbox 380 2994 562 3071; x_wconf 85' lang='lat' dir='ltr'><strong>placuisset:</strong></span> <span class='ocrx_word' id='word_1_251' title='bbox 583 2993 720 3069; x_wconf 88' lang='lat' dir='ltr'><strong>profecto</strong></span> <span class='ocrx_word' id='word_1_252' title='bbox 746 3011 783 3050; x_wconf 93' lang='lat' dir='ltr'><strong>ex</strong></span> <span class='ocrx_word' id='word_1_253' title='bbox 803 2992 917 3069; x_wconf 90' lang='lat' dir='ltr'><strong>populo</strong></span> <span class='ocrx_word' id='word_1_254' title='bbox 938 2992 1001 3050; x_wconf 85' lang='lat' dir='ltr'><strong>Ro·</strong></span> 
     </span>
     <span class='ocr_line' id='line_1_36' title="bbox 116 3072 1051 3150; baseline -0.003 -19"><span class='ocrx_word' id='word_1_255' title='bbox 116 3093 209 3132; x_wconf 87' lang='lat' dir='ltr'><strong>mano</strong></span> <span class='ocrx_word' id='word_1_256' title='bbox 226 3075 263 3130; x_wconf 90' lang='lat' dir='ltr'><strong>ad</strong></span> <span class='ocrx_word' id='word_1_257' title='bbox 284 3074 341 3132; x_wconf 90' lang='lat' dir='ltr'><strong>hoc</strong></span> <span class='ocrx_word' id='word_1_258' title='bbox 355 3081 476 3150; x_wconf 90' lang='lat' dir='ltr'><strong>tempus</strong></span> <span class='ocrx_word' id='word_1_259' title='bbox 496 3073 593 3130; x_wconf 87' lang='lat' dir='ltr'><strong>multo</strong></span> <span class='ocrx_word' id='word_1_260' title='bbox 614 3073 703 3148; x_wconf 91' lang='lat' dir='ltr'><strong>plura</strong></span> <span class='ocrx_word' id='word_1_261' title='bbox 724 3073 805 3130; x_wconf 90' lang='lat' dir='ltr'><strong>bona</strong></span> <span class='ocrx_word' id='word_1_262' title='bbox 820 3073 997 3147; x_wconf 90' lang='lat' dir='ltr'><strong>accepisses,</strong></span> <span class='ocrx_word' id='word_1_263' title='bbox 1014 3072 1051 3128; x_wconf 84' lang='lat'><strong>35</strong></span> 
     </span>
     <span class='ocr_line' id='line_1_37' title="bbox 116 3150 1001 3231; baseline -0.008 -20"><span class='ocrx_word' id='word_1_264' title='bbox 116 3173 208 3231; x_wconf 89' lang='lat' dir='ltr'><strong>quam</strong></span> <span class='ocrx_word' id='word_1_265' title='bbox 221 3155 301 3212; x_wconf 89' lang='lat' dir='ltr'><strong>mala</strong></span> <span class='ocrx_word' id='word_1_266' title='bbox 315 3172 476 3231; x_wconf 88' lang='lat' dir='ltr'><strong>perpessus</strong></span> <span class='ocrx_word' id='word_1_267' title='bbox 488 3171 580 3210; x_wconf 83' lang='lat' dir='ltr'><strong>esses.</strong></span> <span class='ocrx_word' id='word_1_268' title='bbox 625 3151 685 3210; x_wconf 80' lang='lat' dir='ltr'><strong>Sed</strong></span> <span class='ocrx_word' id='word_1_269' title='bbox 695 3153 837 3228; x_wconf 89' lang='lat' dir='ltr'><strong>quoniam</strong></span> <span class='ocrx_word' id='word_1_270' title='bbox 854 3150 1001 3206; x_wconf 90' lang='lat' dir='ltr'><strong>humana-</strong></span> 
     </span>
     <span class='ocr_line' id='line_1_38' title="bbox 116 3228 1000 3308; baseline -0.01 -15"><span class='ocrx_word' id='word_1_271' title='bbox 116 3255 186 3293; x_wconf 90' lang='lat' dir='ltr'><strong>rum</strong></span> <span class='ocrx_word' id='word_1_272' title='bbox 209 3254 311 3292; x_wconf 89' lang='lat' dir='ltr'><strong>rerum</strong></span> <span class='ocrx_word' id='word_1_273' title='bbox 334 3236 456 3292; x_wconf 86' lang='lat' dir='ltr'><strong>fortuna</strong></span> <span class='ocrx_word' id='word_1_274' title='bbox 477 3233 619 3308; x_wconf 88' lang='lat' dir='ltr'><strong>pleraque</strong></span> <span class='ocrx_word' id='word_1_275' title='bbox 635 3233 723 3305; x_wconf 81' lang='lat' dir='ltr'><strong>regit,</strong></span> <span class='ocrx_word' id='word_1_276' title='bbox 740 3231 788 3287; x_wconf 89' lang='lat' dir='ltr'><strong>cui</strong></span> <span class='ocrx_word' id='word_1_277' title='bbox 809 3228 924 3285; x_wconf 90' lang='lat' dir='ltr'><strong>scilicet</strong></span> <span class='ocrx_word' id='word_1_278' title='bbox 939 3229 1000 3303; x_wconf 80' lang='lat' dir='ltr'><strong>pla-</strong></span> 
     </span>
     <span class='ocr_line' id='line_1_39' title="bbox 116 3233 1110 3397; baseline -0.015 -23"><span class='ocrx_word' id='word_1_279' title='bbox 116 3318 183 3374; x_wconf 88' lang='lat' dir='ltr'><strong>cuit</strong></span> <span class='ocrx_word' id='word_1_280' title='bbox 203 3321 234 3373; x_wconf 90' lang='lat' dir='ltr'><strong>et</strong></span> <span class='ocrx_word' id='word_1_281' title='bbox 249 3317 312 3371; x_wconf 88' lang='lat' dir='ltr'><strong>vim</strong></span> <span class='ocrx_word' id='word_1_282' title='bbox 334 3322 365 3373; x_wconf 90' lang='lat' dir='ltr'><strong>et</strong></span> <span class='ocrx_word' id='word_1_283' title='bbox 386 3315 520 3390; x_wconf 83' lang='lat' dir='ltr'><strong>gratiam</strong></span> <span class='ocrx_word' id='word_1_284' title='bbox 540 3318 677 3370; x_wconf 87' lang='lat' dir='ltr'><strong>nostram</strong></span> <span class='ocrx_word' id='word_1_285' title='bbox 701 3315 732 3366; x_wconf 89' lang='lat' dir='ltr'><strong>te</strong></span> <span class='ocrx_word' id='word_1_286' title='bbox 753 3307 892 3384; x_wconf 86' lang='lat' dir='ltr'><strong>experiri,</strong></span> <span class='ocrx_word' id='word_1_287' title='bbox 909 3325 998 3374; x_wconf 92' lang='lat' dir='ltr'><strong>nunc,</strong></span> <span class='ocrx_word' id='word_1_288' title='bbox 1085 3233 1110 3397; x_wconf 58' lang='lat' dir='ltr'><em>s</em></span> 
     </span>
    </p>
   </div>
   <div class='ocr_carea' id='block_1_3' title="bbox 117 3384 1000 3473">
    <p class='ocr_par' dir='ltr' id='par_1_4' title="bbox 117 3384 1000 3473">
     <span class='ocr_line' id='line_1_40' title="bbox 117 3384 1000 3473; baseline -0.018 -19"><span class='ocrx_word' id='word_1_289' title='bbox 117 3396 243 3473; x_wconf 89' lang='lat' dir='ltr'><strong>quando</strong></span> <span class='ocrx_word' id='word_1_290' title='bbox 271 3413 325 3470; x_wconf 90' lang='lat' dir='ltr'><strong>per</strong></span> <span class='ocrx_word' id='word_1_291' title='bbox 353 3395 438 3452; x_wconf 89' lang='lat' dir='ltr'><strong>illam</strong></span> <span class='ocrx_word' id='word_1_292' title='bbox 466 3393 545 3463; x_wconf 87' lang='lat' dir='ltr'><strong>lieet,</strong></span> <span class='ocrx_word' id='word_1_293' title='bbox 562 3391 675 3449; x_wconf 86' lang='lat' dir='ltr'><strong>festina</strong></span> <span class='ocrx_word' id='word_1_294' title='bbox 704 3393 795 3463; x_wconf 89' lang='lat' dir='ltr'><strong>atque</strong></span> <span class='ocrx_word' id='word_1_295' title='bbox 816 3392 852 3444; x_wconf 90' lang='lat' dir='ltr'><strong>ut</strong></span> <span class='ocrx_word' id='word_1_296' title='bbox 872 3384 1000 3458; x_wconf 88' lang='lat' dir='ltr'><strong>coepisti</strong></span> 
     </span>
    </p>
   </div>
   <div class='ocr_carea' id='block_1_4' title="bbox 0 0 1177 3718">
    <p class='ocr_par' dir='ltr' id='par_1_5' title="bbox 0 0 1177 3718">
     <span class='ocr_line' id='line_1_41' title="bbox 0 0 1177 3718; baseline 0 0"><span class='ocrx_word' id='word_1_297' title='bbox 0 0 1177 3718; x_wconf 95' lang='lat' dir='ltr'><strong> </strong></span> 
     </span>
    </p>
   </div>
  </div>
 </body>
</html>
