2346 3718
315 157 362 204 nn
387 156 506 204 asino
531 155 793 204 Juuuarurno.
1019 139 1060 202 53

131 321 231 391 neque
253 315 290 371 ab
306 315 393 371 hoste
408 315 524 390 copiam
547 315 703 390 pugnandi
720 313 791 384 fieri,
807 315 913 370 urbem
929 331 1012 388 mag-

132 414 205 453 nam
220 401 252 452 et
266 395 297 450 in
316 413 353 451 ea
367 402 460 471 parte,
477 414 537 470 qua
561 395 621 451 sita
635 401 710 463 erat,
727 412 826 451 arcem
850 393 946 467 regni,
962 411 1013 449 no-

132 477 214 532 mine
244 475 377 545 Zamam,
407 477 515 532 statuit
544 492 727 550 oppugnare,
757 481 852 543 ratus,
875 475 904 530 id
933 474 1014 548 quod

133 557 293 631 negotium
318 556 471 629 poscebat,
494 554 683 628 Jugurtham
712 555 923 611 laborantibus
950 553 1014 610 suis

135 637 250 694 auxilio
280 642 441 692 venturum
462 634 564 708 ibique
593 635 742 709 proelium
764 635 835 690 fore.
879 634 924 692 At
953 634 1012 704 ille,
1050 637 1067 694 5

135 735 213 792 quae
230 716 418 791 parabantur
434 733 451 770 a
466 715 602 789 perfugis
617 714 751 784 edoctuS,
768 715 889 788 magnis
903 715 1016 770 itineri·

136 801 194 853 bus
208 796 364 853 Metellum
378 796 533 851 antevenit
544 816 550 868 ;
562 795 730 870 oppidanos
745 795 885 851 hortatur
894 795 1015 851 moenia

137 877 312 942 defendant,
328 875 441 932 additis
464 875 576 932 auxilio
599 875 745 949 perfugis,
761 875 843 949 quod
866 893 963 949 genus
979 891 1018 931 ex

136 957 234 1032 copiis
245 957 333 1030 regie,
345 956 417 1030 quia
428 956 530 1012 fallere
541 955 695 1029 nequibat,
707 954 923 1012 firmissumum
934 962 1017 1028 erat;

136 1047 296 1113 praeterea
316 1037 475 1110 pollicetur
490 1036 519 1092 in
536 1041 672 1108 tempore
689 1042 785 1092 semet
801 1053 869 1092 cum
884 1036 1017 1092 exercitu
1035 1038 1070 1094 10

138 1118 252 1175 adfore.
295 1117 345 1173 lta
356 1117 533 1191 compositis
546 1116 636 1172 rebus
647 1115 677 1172 in
693 1116 760 1174 loca
770 1133 860 1190 quani
876 1133 1017 1172 maxume

138 1197 258 1255 occulta
268 1197 406 1266 discedit,
419 1215 453 1253 ac
468 1203 538 1271 post
554 1195 644 1270 paulo
661 1195 819 1270 cognoscit
835 1195 966 1252 Marium
982 1214 1019 1253 ex

138 1279 246 1335 itinere
270 1277 488 1333 frumentatum
504 1295 571 1333 curn
587 1277 693 1351 paucis
709 1276 884 1334 cohortibus
901 1275 1018 1334 Siccam

138 1360 276 1427 missum,
294 1359 373 1432 quod
389 1357 533 1432 oppidum
557 1357 689 1431 primum
716 1358 851 1413 omnium
867 1362 937 1430 post
959 1375 1020 1412 ma

139 1439 202 1499 lam
222 1456 357 1512 pugnam
380 1439 417 1494 ab
436 1455 506 1511 rege
529 1437 689 1494 defecerat.
734 1437 780 1494 Eo
802 1455 870 1493 cum
893 1437 1019 1494 delectis
1036 1439 1072 1496 15

138 1519 294 1593 equitibus
307 1527 397 1574 noctu
408 1517 507 1592 pergit
516 1528 547 1574 ct
558 1517 860 1592 jamegredientibus
871 1517 1021 1575 Romanis

139 1601 172 1655 in
187 1606 274 1673 porta
289 1616 422 1672 pugnam
438 1597 530 1670 facit;
554 1598 645 1654 simul
659 1616 772 1672 magna
782 1616 855 1654 voce
867 1597 1020 1655 Siccenses

140 1679 280 1735 hortatur
296 1679 338 1734 uti
354 1677 492 1735 cohortes
508 1677 545 1733 ab
556 1683 642 1752 tergo
655 1679 907 1736 circumveniant:
930 1680 1022 1735 fortu-

140 1777 212 1816 nam
229 1759 290 1815 illis
305 1758 451 1833 praeclari
468 1757 612 1814 facinoris
628 1776 730 1815 casum
747 1759 838 1815 dare:
862 1759 887 1815 si
903 1759 934 1815 id
949 1759 1022 1816 fece·

140 1841 210 1908 rint,
220 1847 328 1912 postea
342 1857 408 1895 sese
424 1839 456 1894 in
468 1856 571 1912 regno,
583 1838 652 1896 illos
667 1839 699 1894 in
711 1839 852 1895 libertate
863 1839 927 1895 siue
936 1847 1019 1896 metu
1038 1841 1075 1898 20

141 1927 272 1976 aetatem
290 1926 417 1976 acturos.
462 1919 509 1976 Ac
521 1919 552 1974 ni
569 1919 689 1976 Marius
705 1919 794 1994 signa
808 1919 917 1975 inferre
933 1926 1022 1994 atque

140 2001 270 2056 evadere
299 1999 410 2074 oppido
433 1999 670 2072 properavisset,
688 2001 824 2073 profecto
847 2000 947 2060 cuncti
970 2005 1023 2056 aut
1091 2034 1093 2038 ·

140 2098 254 2152 magna
275 2097 346 2153 pars
363 2079 550 2136 Siccensium
574 2078 663 2135 iidem
687 2081 911 2137 mutavissent:
934 2086 1022 2137 tanta

141 2161 310 2216 mobilitate
336 2177 403 2216 sese
428 2158 581 2215 Numidae
598 2166 717 2233 gerunt.
763 2160 823 2217 Sed
839 2160 953 2216 milites
968 2160 1023 2218 Ju-

141 2240 280 2313 gurthini
307 2240 461 2314 paulisper
491 2240 528 2295 ab
558 2257 629 2314 rege
657 2241 830 2309 sustentati,
858 2248 1020 2315 postquam
1038 2243 1075 2299 25

142 2320 309 2394 majorevi
341 2320 444 2377 hostes
466 2326 586 2394 urgent,
610 2320 717 2394 paucis
747 2320 872 2376 amissis
903 2321 1024 2396 profugi

141 2400 309 2458 discedunt.

182 2483 228 2540 57.
252 2480 371 2537 Marius
388 2481 426 2537 ad
441 2480 567 2536 Zamam
583 2480 729 2556 pervenit.
773 2479 811 2537 ld
826 2480 981 2556 oppidum,
993 2481 1024 2537 in

141 2579 249 2635 campo
272 2561 374 2629 situm,
392 2561 492 2634 magis
515 2578 603 2635 opere
626 2579 718 2636 quam
740 2567 850 2617 natura
872 2561 1023 2618 munitum

141 2649 218 2710 erat,
235 2641 349 2698 nullius
373 2641 499 2697 idoneae
517 2641 559 2696 rei
575 2658 679 2715 egena,
697 2642 790 2698 armis
806 2642 940 2715 virisque
956 2659 1025 2717 opu·
1040 2645 1078 2700 30

141 2721 266 2778 lentum.
310 2720 414 2795 Igitur
436 2720 582 2778 Metellus
604 2739 659 2795 pro
681 2728 819 2796 tempore
846 2729 936 2796 atque
958 2721 1023 2778 loco

142 2801 258 2876 paratis
279 2802 370 2858 rebus
386 2807 497 2859 cuncta
518 2802 641 2857 moenia
662 2803 798 2858 exercitu
818 2802 1023 2872 circumvenit,

141 2882 255 2955 legatis
271 2881 401 2956 imperat
417 2882 470 2937 ubi
486 2881 613 2956 quisque
630 2888 756 2938 curaret.
802 2883 919 2939 Deinde
935 2882 1023 2956 signo

142 2963 214 3018 dato
240 2963 374 3036 undique
392 2962 481 3018 simul
499 2961 613 3018 clamor
628 2962 736 3036 ingens
753 2963 858 3033 oritur,
876 2980 972 3038 neque
988 2980 1025 3018 ea

141 3060 190 3099 res
206 3041 357 3099 Numidas
373 3047 484 3099 terret:
509 3041 618 3098 infensi
635 3042 805 3117 intentique
816 3045 881 3100 sine
892 3043 1025 3098 tumultu
1040 3043 1077 3101 35

141 3132 283 3195 manent3
307 3123 456 3197 proelium
473 3122 624 3196 incipitur.
670 3123 813 3192 Romani,
830 3141 884 3198 pro
901 3123 1024 3196 ingenio

141 3202 278 3278 quisque,
291 3220 362 3277 pars
378 3204 498 3258 eminus
515 3202 625 3276 glande
642 3208 694 3258 aut
709 3202 863 3276 lapidibus
878 3220 1024 3277 pugnare,

141 3283 191 3340 alii
205 3283 365 3339 succedere
377 3300 411 3338 ac
421 3299 541 3338 murum
559 3282 648 3338 modo
658 3281 923 3350 subfoderamodo
935 3281 1025 3338 scalis

142 3364 279 3439 aggredi,
297 3378 406 3437 cupere
422 3361 570 3436 proelium
585 3361 617 3416 iu
633 3362 775 3417 manibus
798 3363 902 3418 facere.
948 3361 1025 3418 Ocn-
