2346 3718
330 203 377 249 nu
403 202 525 248 annuo
550 200 812 248 susurrante.
994 176 1038 250 47

144 367 190 421 48.
208 362 229 419 J
232 359 366 435 ugurtha
389 361 441 416 ubi
463 323 580 416 Metelli
603 361 685 417 dicta
706 377 773 416 cum
796 359 885 416 factis
907 377 985 415 eom-

101 444 206 519 posuit
237 459 271 498 ac
300 457 332 496 se
356 441 419 496 suis
449 440 567 497 artibus
588 441 729 516 temptari
754 439 982 508 animadvortit,

101 525 215 599 quippe
226 522 273 578 cui
283 521 383 576 verbis
396 539 457 596 pax
469 521 676 590 nuntiabatur,
687 528 819 576 ceterum
830 537 861 575 re
871 519 984 576 bellum

101 619 315 677 asperrumum
330 607 403 668 erat,
422 601 493 657 urbs
508 619 652 657 maxuma
667 600 808 668 alienata,
827 617 899 674 ager
915 600 982 656 hos-

100 684 186 740 tibus
205 681 355 755 cognitus,
372 681 466 737 animi
482 681 676 755 popularium
691 681 842 755 temptati,
860 686 983 736 coactus
1019 682 1036 737 5

100 781 204 821 rerum
225 761 450 818 necessitudine
473 762 583 818 statuit
599 761 693 819 armis
715 768 837 817 certare.
884 760 984 834 Igitur

100 844 261 918 explorato
291 841 424 898 hostiurn
455 841 572 910 itinere,
596 841 628 897 in
658 859 744 916 spem
766 841 911 897 victoriae
935 841 984 897 ad-

100 925 215 981 ductus
226 941 264 980 ex
278 922 507 997 opportunitate
523 921 589 991 loci,
602 939 694 995 quam
707 938 866 977 maxumas
882 926 985 994 potest

100 1006 209 1078 copias
225 1003 360 1060 omnium
382 1019 528 1076 generum
549 1009 637 1076 parat
660 1019 695 1058 ac
716 1019 770 1076 per
783 1001 923 1058 tramites
939 1019 985 1058 oc-,

101 1085 204 1142 cultos
232 1083 397 1140 exercitum
428 1083 546 1140 Metelli
577 1082 743 1138 antevenit.
788 1081 864 1138 Erat
892 1081 922 1138 in
946 1099 982 1138 ea
1000 1085 1037 1141 10

100 1173 191 1240 parte
213 1164 386 1232 Numidiae,
403 1181 495 1238 quam
511 1162 668 1219 Adherbal
691 1163 722 1218 in
744 1161 894 1218 divisione
915 1180 984 1236 pos·

103 1245 237 1314 sederat,
255 1244 365 1300 flumen
380 1243 482 1300 oriens
498 1261 516 1298 a
531 1243 655 1300 meridie
679 1243 800 1299 nomine
817 1241 950 1312 Muthul,
967 1261 985 1299 a

101 1343 165 1401 quo
180 1326 284 1381 aberat
300 1341 386 1380 mons
401 1323 492 1380 ferme
505 1323 589 1380 milia
603 1341 751 1398 passuum
762 1323 872 1396 viginti
884 1329 985 1379 tractu

101 1407 180 1482 pari,
197 1413 304 1462 vastus
326 1405 364 1460 ab
379 1412 489 1460 natura
504 1411 535 1460 et
552 1404 684 1460 humano
700 1404 785 1460 cultu
798 1424 804 1474 ;
828 1403 882 1460 sed
897 1421 934 1459 ex
949 1421 985 1459 eo

102 1486 205 1543 medio
227 1485 314 1561 quasi
337 1484 423 1541 collis
444 1485 607 1553 oriebatur,
623 1485 654 1540 in
670 1484 851 1540 immensum
876 1483 986 1556 pertin·
1002 1486 1038 1542 15

103 1584 190 1640 gens
201 1567 331 1638 vestitus
342 1563 471 1621 oleastro
485 1583 519 1621 ac
529 1565 670 1621 murtetis
681 1564 810 1638 aliisque
822 1564 986 1637 generibus

105 1647 257 1712 arborum,
273 1663 350 1720 quae
373 1644 459 1702 humi
480 1645 564 1701 arido
590 1652 680 1720 atque
703 1662 831 1701 arenoso
857 1645 987 1718 gignun-

101 1733 163 1784 tur.
208 1725 312 1782 Media
329 1730 431 1781 autem
446 1725 589 1799 planities
600 1726 720 1782 deserta
735 1724 863 1799 penuria
879 1743 984 1800 aquae,

101 1811 227 1882 praeter
241 1805 359 1861 flumini
374 1805 545 1880 propinqua
559 1805 644 1879 looa;
666 1824 703 1862 ea
719 1806 838 1862 consita
854 1805 986 1863 arbustis

102 1905 213 1961 pecore
229 1892 319 1960 atque
335 1885 501 1942 cultoribus
518 1886 795 1961 frequentabantur.
1002 1887 1039 1943 20

147 1969 192 2024 49.
217 1966 319 2039 Igitur
339 1965 370 2021 in
395 1983 432 2022 eo
457 1965 540 2033 colle,
559 1984 648 2040 quem
672 1975 849 2023 transvorso
877 1965 985 2022 itinere

103 2053 276 2122 porrectum
306 2046 474 2113 docuimus,
491 2045 650 2120 Jugurtha
671 2052 838 2104 extenuata
860 2063 984 2103 suorum

104 2127 170 2184 acie
192 2126 337 2196 consedit,
353 2125 524 2201 elephantis
548 2132 580 2183 et
603 2127 682 2202 parti
704 2127 860 2202 copiarum
882 2127 987 2202 pedes·

102 2207 199 2264 trium
226 2206 428 2263 Bomilcarem
451 2207 604 2280 praefecit,
627 2225 756 2282 eumque
779 2208 885 2264 edocet
908 2225 985 2282 quae

104 2291 218 2360 ageret.
262 2286 332 2360 Ipse
354 2287 475 2360 propior
497 2293 631 2344 montem
655 2287 821 2344 cumomni
844 2287 985 2361 equitatu
1002 2288 1038 2344 25

103 2375 137 2424 et
152 2365 307 2442 peditibus
329 2367 455 2423 delectis
477 2385 549 2424 suos
572 2368 707 2425 collocat.
734 2368 831 2436 ,Dein
848 2368 986 2442 singulas

103 2453 224 2502 turmas
238 2451 270 2502 et
286 2447 455 2522 manipulos
471 2448 652 2504 circumiens
667 2454 770 2504 monet
786 2455 878 2523 atque
891 2448 987 2504 obtes-

103 2534 200 2595 tatur,
224 2527 268 2582 uti
290 2545 440 2583 memores
468 2528 617 2603 pristinae
640 2528 765 2584 virtutis
787 2536 818 2585 et
840 2529 986 2585 victoriae

104 2624 173 2664 sese
195 2623 383 2681 regnumque
405 2625 494 2663 suum
518 2609 555 2664 ab
577 2610 786 2666 Romanorum
807 2609 938 2665 avaritia
952 2609 1000 2665 de·

103 2687 249 2744 fendant:
272 2705 339 2743 cum
362 2687 406 2744 eis
428 2696 580 2744 certarnen
603 2689 674 2758 fore,
691 2707 767 2764 quos
784 2694 873 2746 antea
889 2690 985 2746 victos
1001 2691 1039 2746 30

104 2767 163 2824 sub
173 2769 282 2840 jugum
293 2767 446 2840 miserint;
468 2769 576 2825 ducem
592 2769 662 2838 illis,
673 2787 733 2826 non
744 2770 879 2826 animum
891 2780 987 2826 muta-

104 2854 188 2918 tum;
218 2865 296 2922 quae
325 2848 363 2904 ab
388 2848 571 2922 imperatore
601 2849 766 2919 decuerint,
789 2849 891 2906 omnia
920 2850 984 2906 suis

104 2928 239 3002 provisa,
256 2927 355 2984 locum
372 2929 566 3002 superiorem,
582 2937 617 2985 ut
631 2929 797 3003 prudentes
812 2947 879 2986 cum
895 2930 987 3004 impe-

103 3007 184 3074 ritis,
196 3025 233 3064 ne
246 3008 404 3082 pauciores
419 3027 487 3064 cum
502 3009 641 3083 pluribus
657 3015 710 3065 aut
725 3010 816 3066 rudes
831 3027 898 3066 cum
915 3009 984 3066 belli

104 3087 283 3144 melioribus
306 3106 430 3144 manum
453 3096 666 3163 consererent3
688 3090 812 3164 proinde
829 3089 927 3165 parati
943 3090 986 3146 in·
1000 3091 1037 3146 35

104 3169 243 3244 tentique
256 3175 360 3225 essent
369 3169 538 3240 signodato
551 3170 709 3226 Romanos
721 3170 864 3226 invadere
875 3190 882 3242 ;
898 3170 984 3226 illum

104 3249 184 3305 diem
202 3255 255 3304 aut
271 3265 376 3304 omnes
390 3247 510 3305 labores
524 3255 555 3305 et
571 3250 713 3306 victorias
728 3249 983 3318 confirmaturum,

105 3335 159 3385 aut
182 3347 395 3384 maxumarum
426 3346 638 3385 aerumnarum
669 3329 791 3385 initium
820 3330 889 3386 fore.
934 3329 984 3386 Ad

104 3408 162 3466 hoe
180 3409 305 3478 viritim,
322 3409 367 3464 uti
382 3427 532 3484 quemque
548 3408 587 3465 ob
609 3408 742 3464 militare
759 3408 876 3464 facinus
898 3425 985 3482 pecu·
