2346 3718
103 147 145 212 28
380 161 607 208 c.snnnusr1
633 163 755 210 cursor

157 321 203 379 De
220 318 325 377 Africa
339 323 370 375 et
383 319 448 392 ejus
460 319 567 377 incolis
583 320 621 376 ad
631 321 885 380 necessitudinem
901 324 945 382 rei
957 325 1035 383 satis

155 401 278 459 dictum.

130 529 131 532 ,
197 483 242 538 20.
267 478 434 553 Postquam
457 479 558 537 diviso
580 498 674 555 regno
695 480 790 556 legati
806 483 913 540 Africa
934 484 1035 541 deces-

156 578 221 618 sere
244 565 275 616 et
296 560 317 616 J
321 558 455 631 ugurtha
476 566 582 617 contra
610 562 750 618 timorem
781 562 875 620 animi
896 565 1035 637 praemia

122 643 140 699 5
157 640 279 699 sceleris
296 639 439 713 adeptum
456 657 522 697 sese
536 640 627 710 videt,
638 648 753 698 certum
769 659 835 700 esse
847 649 941 713 ratus,
952 644 1035 718 quod

156 740 194 779 ex
208 720 314 778 amicis
324 718 405 793 apud
419 719 619 777 Numantiam
630 728 794 798 acceperat,
803 724 905 780 omnia
915 725 1034 781 Romae

156 801 277 858 venalia
295 817 371 868 esse,
389 799 478 856 simul
499 807 531 857 et
552 800 673 859 illorum
695 802 966 878 pollicitationibus
988 823 1035 862 uc-

156 899 273 950 census‚
291 897 367 955 quos
390 881 481 954 paulo
504 887 575 939 ante
598 883 775 939 muneribus
800 885 984 958 expleverat,
1002 886 1034 942 in

155 979 282 1036 regnum
307 959 495 1017 Adherbalis
519 962 653 1018 animum
676 963 814 1020 intendit.
858 965 929 1040 lpse
956 983 1032 1035 acer,

104 1043 141 1102 10
155 1043 335 1113 bellicosus;
358 1045 389 1096 at
413 1040 447 1106 is.
464 1059 553 1116 quem
576 1042 708 1117 petebat,
735 1043 864 1117 quietae,
891 1045 1032 1115 imbellia,

155 1123 274 1197 placido
289 1120 421 1196 ingenie,
432 1129 619 1198 opportunus
634 1123 769 1197 injuriae,
781 1130 920 1181 metuens
932 1126 1035 1199 magis

155 1221 247 1278 qnam
268 1200 458 1258 metuendus.
502 1202 602 1276 Igitur
625 1221 663 1260 ex
686 1204 853 1279 improviso
873 1205 948 1262 fines
968 1207 1034 1280 ejus

155 1302 223 1340 cunr
236 1301 346 1358 magna
356 1300 448 1339 manu
465 1282 600 1355 invadit;
616 1285 728 1341 multos
743 1285 887 1341 mortales
902 1303 969 1342 cnm
986 1304 1035 1359 pe-

155 1383 223 1423 core
245 1371 337 1439 atque
359 1363 418 1419 alia
437 1364 550 1438 praeda
566 1364 656 1439 capit,
670 1364 805 1422 aedificia
820 1365 963 1434 incendit,
974 1366 1035 1440 ple·

104 1450 139 1508 15
155 1465 246 1522 raque
268 1445 334 1502 loca
357 1443 509 1502 hostiliter
534 1462 603 1500 cum
618 1446 757 1518 equitatu
783 1446 906 1516 aceedit,
923 1445 1033 1504 deinde

151 1545 220 1585 cum
245 1527 326 1584 omni
352 1525 546 1582 multitudine
562 1525 593 1581 in
618 1543 747 1599 regnum
763 1543 851 1584 suum
867 1526 1030 1596 convortit,

154 1609 344 1666 existumans
369 1606 576 1665 Adherbalem
598 1606 701 1664 dolore
717 1615 887 1683 permotum
905 1607 1031 1682 injurias

154 1707 227 1746 snas
242 1707 335 1747 manu
350 1688 584 1759 vindicaturum,
600 1707 728 1765 eamque
744 1709 805 1747 rem
822 1690 893 1746 belli
908 1707 1033 1746 eausam

154 1770 225 1828 fore.
270 1772 314 1827 At
331 1769 389 1838 ille,
405 1771 486 1844 quod
507 1788 604 1846 neque
626 1788 658 1828 se
681 1789 784 1846 parem
805 1772 899 1828 armis
918 1771 1032 1827 existu-

102 1854 139 1910 20
153 1852 258 1909 mahat
271 1859 303 1909 et
317 1851 452 1908 amicitia
466 1852 570 1927 populi
586 1851 719 1909 Romani
735 1852 836 1926 magis
860 1869 950 1928 quam
969 1850 1032 1908 Nu·

154 1933 246 1990 midis
260 1933 359 1990 fretus
373 1938 449 2003 erat,
465 1932 584 2007 legatos
600 1932 638 1989 ad
652 1933 673 1989 J
676 1933 840 2006 ugurtham
861 1933 898 1990 de
913 1932 1032 2006 injuriis

153 2020 296 2088 questum
326 2013 426 2071 misit:
462 2014 514 2089 qni
544 2014 666 2071 tametsi
701 2013 921 2070 contumeliosa
949 2013 1032 2069 dicta

154 2089 340 2163 rettulerant,
356 2095 441 2168 prius
461 2101 565 2152 tamen
581 2095 684 2152 omnia
704 2094 769 2168 pati
791 2093 925 2151 decrevit
939 2110 1031 2167 quam

127 2222 129 2227 .
154 2175 264 2232 bellum
281 2177 677 2250 sumere‚quiatemptatum
689 2181 779 2232 antea
791 2191 878 2232 secus
888 2178 1029 2231 cesserat.

101 2259 137 2317 ab
150 2254 299 2331 Nequeeo
309 2256 552 2332 magisoupidoJ
555 2255 705 2330 ugurthae
713 2254 913 2322 minuebatur,
921 2253 1031 2328 quippe

153 2337 205 2412 qui
221 2343 320 2394 totum
335 2338 401 2411 ejus
416 2354 543 2411 regnum
562 2337 663 2393 animo
680 2338 743 2410 jam
760 2335 925 2391 invaserat.
968 2333 1031 2389 Ita

153 2436 211 2492 que
226 2436 286 2475 non
298 2418 343 2475 uti
359 2423 450 2476 antea
461 2435 530 2475 cnm
541 2417 733 2492 praedatoria
744 2433 844 2479 manu,
853 2415 906 2471 sed
916 2431 1029 2486 magno

152 2501 287 2557 exercitu
309 2505 484 2575 comparato
505 2498 617 2554 bellum
639 2514 742 2570 gerere
766 2495 866 2570 coepit
880 2500 912 2551 et
929 2505 1030 2570 aperte

151 2580 247 2637 totius
275 2578 440 2637 Numidiae
461 2578 620 2654 imperium
643 2584 752 2653 petere.
797 2575 939 2634 Ceterum
968 2591 1029 2648 qua

99 2662 305 2735 aspergebat,
322 2661 421 2728 urbae,
438 2677 529 2734 agros
544 2664 675 2724 vastare,
697 2657 828 2732 praedas
850 2672 948 2730 agere,
965 2653 1030 2710 suis

152 2742 296 2811 animum,
314 2741 454 2798 hostibus
468 2747 613 2797 terrorem
630 2755 748 2812 augere.

192 2825 238 2880 nl.
261 2821 417 2879 Adherbal
433 2821 485 2879 ubi
501 2819 645 2894 iutelligit
659 2836 694 2876 eo
709 2833 892 2893 processum,
905 2814 950 2872 uti
965 2831 1031 2888 reg-

151 2921 224 2960 num
253 2908 305 2960 aut
333 2902 562 2978 relinquendum
588 2906 670 2957 esset
699 2904 753 2955 aut
781 2896 873 2953 armis
901 2895 1031 2952 retinen-

152 2984 233 3054 dum,
249 2984 419 3041 necessario
441 2982 544 3056 copias
565 2985 657 3055 parat
677 2985 708 3036 et
722 2977 897 3051 Jugurthae
919 2974 1030 3031 obrius

98 3068 135 3123 35
150 3064 298 3139 procedit.
343 3063 471 3121 Interim
481 3061 563 3119 haud
578 3062 668 3134 longe
684 3078 702 3115 a
716 3059 791 3115 mari
806 3075 897 3133 prope
909 3055 1029 3114 Cirtam

150 3145 294 3219 oppidum
310 3144 468 3218 utriusque
484 3141 634 3199 exercitus
656 3139 802 3206 consedit,
819 3143 850 3194 et
872 3136 943 3211 qnia
966 3135 1027 3192 diei

150 3232 317 3280 extremum
339 3229 413 3292 erat,
429 3222 579 3297 proelium
603 3238 663 3276 non
686 3220 849 3293 inceptum.
894 3215 952 3273 Sed
976 3214 1029 3270 ubi

150 3303 327 3377 plerumque
349 3304 446 3360 noctis
467 3301 623 3376 processit,
641 3300 768 3356 obscuro
784 3297 876 3355 etiam
898 3302 962 3353 tuni
986 3293 1030 3350 lu·

152 3383 241 3454 mine,
257 3382 372 3440 milites
387 3382 408 3440 J
411 3380 568 3456 ugurthini
584 3380 671 3454 signo
687 3378 759 3435 dato
775 3383 876 3434 castra
891 3375 1029 3433 hostium
