2346 3718
826 1 840 3 ,
848 1 1170 15 Ἢ

370 180 416 226 nn
444 179 567 227 nanno
592 151 852 228 auauarumo.
1029 167 1071 228 43

133 340 216 396 duas
239 344 342 414 partes
364 339 519 395 abstracta
534 343 613 405 suut,
635 338 832 413 respublica,
856 356 934 414 quae
959 356 1019 395 me

133 421 190 477 dia
210 419 317 488 fuerat,
339 419 513 476 dilacerata.
558 417 700 475 Ceterum
721 418 864 474 nobilitas
888 419 1019 476 factione

133 501 240 573 magis
254 500 396 576 pollebat,
413 499 511 574 plebis
526 498 573 554 vis
594 498 696 556 soluta
717 505 806 572 atque
827 498 964 573 dispersa
986 500 1017 555 in

134 580 334 638 multitudine
345 581 445 636 minus
454 584 581 654 poterat.
626 579 798 635 Paucorum
810 579 934 635 arbitrio
947 579 1017 636 belli

135 662 280 736 domique
303 661 497 734 agitabatur3
518 676 612 734 penes
631 659 755 715 cosdem
777 660 936 728 aerarium,
952 677 1017 734 pro
1052 665 1071 720 5

136 742 266 811 vinciae,
278 741 484 816 magistratus,
494 739 608 812 gloriae
620 739 826 814 triumphique
838 747 942 797 erant:
968 757 1019 815 po-

134 819 743 898 pulusmilitiaatqueinopiaurgebatur3
758 820 887 894 praedas
895 819 1018 876 bellicas

135 903 339 976 imperatores
350 918 417 958 cum
432 900 536 975 paucis
549 899 738 974 diripiebant.
784 899 904 956 Interea
915 917 1019 974 pareu-

135 991 187 1040 tcs
208 989 261 1039 aut
282 982 368 1057 parvi
390 980 474 1037 liberi
496 978 635 1048 militum,
651 980 697 1036 uti
712 979 840 1055 quisque
857 979 1018 1055 potentiori

135 1063 265 1121 confinis
280 1069 352 1131 crat,
366 1061 490 1118 sedibus
501 1060 698 1136 pellebantur.
738 1060 787 1116 Ita
801 1077 869 1117 cum
880 1060 1017 1135 potentia
1035 1062 1071 1118 10

135 1143 271 1202 avaritia
292 1144 357 1200 sine
379 1143 469 1199 modo
485 1141 694 1216 modestiaque
714 1140 868 1208 invadere,
884 1140 1016 1215 polluere

134 1234 169 1282 ct
186 1231 308 1280 vastare
323 1223 434 1289 omnia,
450 1221 527 1278 nihil
550 1222 638 1296 pensi
660 1237 757 1295 neque
778 1220 875 1277 sancti
897 1220 1017 1290 habere,

135 1304 240 1380 quoad
266 1308 361 1361 semet
375 1304 442 1377 ipsa
457 1302 679 1377 praecipitavit,
723 1300 803 1357 Nam
819 1300 870 1356 ubi
885 1301 1017 1375 primum

135 1403 177 1442 ex
191 1384 348 1440 nobilitate
358 1383 468 1458 reperti
480 1389 560 1451 sunt,
570 1382 620 1457 qui
631 1399 734 1438 veram
744 1380 872 1454 gloriam
888 1382 1018 1455 injustae

135 1461 295 1541 potentiae
317 1468 546 1539 anteponerent,
562 1461 678 1518 moveri
698 1461 807 1518 civitas
822 1468 853 1518 ct
867 1461 1017 1518 dissensio
1035 1462 1071 1519 15

135 1546 241 1604 civilis
255 1545 343 1620 quasi
358 1543 520 1619 permixtio
536 1549 634 1599 terrae
650 1541 720 1598 oriri
733 1542 840 1615 coepit.

183 1628 228 1682 42.
252 1624 333 1682 Nam
348 1631 512 1699 postquam
529 1622 667 1679 Tiberius
682 1627 713 1678 et
729 1621 762 1679 G.
778 1619 940 1689 Gracchus,
962 1638 1033 1696 quo-

135 1723 209 1763 rum
231 1707 357 1778 majores
371 1704 487 1761 Punico
511 1710 602 1778 atque
633 1702 701 1758 aliis
722 1701 810 1758 bellis
830 1702 959 1758 multum
975 1702 1018 1757 rei

135 1785 280 1862 publicae
297 1785 486 1854 addiderant,
499 1783 653 1839 vindicare
669 1782 786 1857 plebem
802 1782 833 1838 in
847 1782 1018 1838 libertatem

135 1873 173 1924 et
200 1884 364 1940 paucorum
393 1865 507 1922 scelera
528 1863 698 1938 patefacere
721 1880 853 1938 coepere,
875 1862 1017 1918 nobilitas
1033 1864 1071 1920 20

136 1947 234 2004 noxia
248 1953 336 2022 atquc
354 1963 390 2002 eo
411 1945 557 2019 perculsa,
573 1944 664 2000 modo
679 1961 731 2018 pcr
747 1943 845 1999 socios
860 1961 894 2000 ac
909 1960 1018 1998 nomen

138 2027 297 2094 Latinum,
311 2026 461 2083 interdum
478 2043 531 2100 per
545 2023 663 2098 equites
680 2025 846 2092 Romanoa,
858 2041 934 2098 quos
950 2040 1019 2097 spes

138 2107 325 2165 societatisa
338 2106 425 2181 plebe
440 2106 619 2173 dimoverat,
630 2104 835 2161 Gracchorum
850 2103 1020 2160 actionibus
1052 2169 1053 2174 ἵ

138 2188 263 2246 obviam
274 2187 357 2256 ierat,
365 2186 500 2260 etprimo
508 2185 749 2252 Tiberiuu1,dein
762 2202 875 2258 paucos
887 2190 956 2258 post
971 2201 1020 2238 an-

139 2283 200 2325 nos
214 2267 320 2323 eadem
335 2266 555 2341 ingredientem
573 2264 692 2333 Caium,
709 2264 864 2320 tribunum
880 2263 1017 2331 alterum,
1035 2263 1071 2320 25

140 2348 274 2405 alterum
299 2346 493 2403 triumvirum
519 2345 647 2401 coloniis
672 2344 953 2412 dcducundiS,cun1
979 2342 1020 2399 hl.

140 2428 255 2484 Fulvio
279 2426 386 2484 Flacco
407 2426 484 2482 ferro
505 2430 675 2482 necaverat.
720 2423 761 2479 Et
782 2440 854 2479 sane
875 2422 1020 2480 Gracchis

140 2509 284 2582 cupidine
296 2507 441 2564 victoriae
453 2506 534 2563 haud
547 2506 623 2563 satis
635 2505 810 2561 moderatus
823 2503 941 2559 animus
951 2503 1016 2560 fuit.

142 2588 205 2646 Sed
220 2587 298 2643 bono
311 2587 388 2643 vinci
405 2589 502 2644 satius
516 2593 563 2644 est
578 2603 670 2660 quam
685 2584 765 2641 malo
780 2601 863 2640 more
879 2583 1020 2657 injuriam

142 2669 273 2724 vincere.
317 2667 417 2741 Igitur
428 2667 599 2722 eavictoria
613 2665 758 2721 nobilitas
769 2682 807 2721 ex
821 2663 956 2720 lubidine
967 2681 1022 2719 sua
1037 2666 1074 2721 30

142 2767 202 2805 usa
223 2747 336 2803 multos
356 2747 500 2803 mortales
520 2747 598 2802 ferro
614 2751 667 2801 aut
682 2745 756 2818 fuga
770 2744 926 2814 exstinxit,
943 2743 1023 2817 plus-

143 2847 204 2904 que
220 2828 251 2883 in
266 2826 412 2902 reliquum
429 2827 487 2882 sibi
499 2827 616 2883 timoris
626 2843 717 2900 quam
731 2824 885 2899 potentiae
896 2824 1021 2880 addidit.

144 2911 232 2982 Quae
249 2925 297 2964 res
308 2908 483 2982 plerumque
496 2923 624 2976 magnas
636 2905 779 2961 civitates
795 2921 917 2977 pessum
927 2903 1020 2971 dedit,

143 2991 218 3046 dum
242 2987 328 3044 alteri
350 2987 462 3043 alteros
486 2987 604 3042 vincere
626 2986 735 3060 quovis
756 2984 848 3040 modo
871 2991 902 3040 et
924 2985 1022 3040 victos

145 3070 285 3127 acerbius
308 3068 412 3124 ulcisci
437 3066 551 3122 volunt.
596 3065 656 3123 sed
686 3066 722 3123 de
751 3065 862 3121 studiis
889 3065 1022 3138 partium
1040 3062 1077 3119 35

144 3157 178 3208 et
199 3149 297 3207 omnis
326 3148 459 3204 civitatis
482 3147 614 3202 moribus
636 3146 661 3201 si
685 3145 865 3216 singulatim
888 3150 940 3199 aut
969 3161 1024 3217 pro

145 3229 358 3304 magnitudine
388 3245 492 3303 parem
514 3227 670 3294 disserere,
700 3232 822 3299 ternpus
851 3241 942 3298 quam
976 3240 1024 3279 rcs

147 3310 297 3368 maturius
325 3327 372 3366 me
402 3309 530 3365 deserat.
575 3307 777 3378 Quamobrem
807 3304 846 3360 ad
864 3305 1025 3390 ‚inceptum

148 3391 246 3448 redeo.
