2346 3718
390 153 437 200 nn
462 151 583 198 nunno
609 151 865 200 Jueuarmuo.
1052 140 1094 204 25

161 319 291 372 mortem
307 329 411 370 severe
428 310 642 368 vindicandam
658 311 839 384 censebant,
862 311 914 368 sed
929 329 966 368 ex
981 329 1041 369 om-

162 395 253 450 nibus
268 411 408 450 maxume
425 391 577 449 Aemilius
596 390 736 461 Scaurus
750 391 840 448 homo
852 392 971 461 nobilis,
987 393 1041 449 im·

160 471 1038 548 piger,l'acti0sus,aviduspotentiaehonorisdivitiarum,

161 566 293 610 ceterum
312 555 386 610 vitia
407 570 463 609 sua
488 551 594 609 callide
615 552 777 608 occultans.
822 553 855 609 Is
878 559 1040 629 postquam

161 634 246 690 videt
271 635 352 708 regis
374 633 568 706 largitionem
592 633 740 689 famosam
762 633 1037 709 impudentemque,
1074 638 1092 694 5

161 715 289 783 veritus,
310 714 391 788 quod
418 714 449 768 in
474 713 529 769 tali
555 730 585 769 re
611 714 697 784 solet,
719 731 755 770 ne
779 713 895 789 polluta
917 716 1040 773 licentia

160 794 309 850 invidiam
332 794 516 864 accenderet,
540 793 674 850 animum
698 813 716 850 a
738 801 884 852 consueta
905 796 1038 854 lubidine

160 875 319 931 continuit.

203 954 247 1011 16.
273 955 357 1012 Vicit
378 960 480 1012 tamen
503 954 534 1010 in
557 961 664 1012 senatu
683 974 756 1031 pars
781 957 842 1023 illa,
867 977 943 1034 quae
967 979 1038 1017 vero

159 1035 291 1109 pretium
321 1041 374 1092 aut
402 1036 533 1109 gratiam
567 1037 760 1095 anteferebat.
806 1039 968 1097 Decretum
996 1042 1036 1113 fit,
1055 1047 1091 1102 10

159 1117 204 1172 uti
220 1117 323 1174 decem
346 1117 439 1191 legati
460 1133 594 1192 regnum,
611 1118 692 1193 quod
712 1119 842 1195 Micipsa
857 1122 1036 1192 obtinuerat,

160 1197 240 1252 inter
254 1198 275 1255 J
278 1197 444 1272 ugurtham
459 1206 490 1254 et
506 1198 711 1255 Adherbalem
728 1201 905 1258 dividerent.
945 1202 1038 1277 Cujus

159 1278 323 1352 legationis
338 1279 478 1354 princeps
494 1279 551 1335 fuit
566 1279 601 1338 L.
613 1279 763 1354 Opimius
781 1281 871 1338 homo
887 1283 985 1339 clarus
1007 1293 1037 1340 et

158 1367 223 1416 tum
241 1361 271 1416 iu
286 1367 394 1417 senatu
408 1368 525 1436 potens,
542 1362 613 1434 quia
628 1361 740 1428 consul,
754 1362 786 1420 O.
797 1363 932 1420 Graccho
947 1371 978 1420 et
993 1364 1035 1420 M.

159 1440 270 1497 Fulvio
294 1442 402 1498 Flacco
419 1442 594 1512 interiectis
612 1459 765 1499 acerruma
782 1443 939 1500 victoriam
955 1445 1038 1500 nobi·
1054 1449 1089 1504 15

158 1521 295 1578 litatisiu
306 1524 423 1598 plebem
433 1529 616 1580 exercuerat.
659 1523 739 1579 Eum
749 1524 1036 1598 Jugurtlratamctsi

158 1600 277 1660 Romae
300 1605 331 1660 in
354 1605 486 1661 inimicis
509 1604 666 1673 habuerat,
682 1611 785 1661 tamen
801 1606 1036 1663 accuratissume

157 1685 279 1760 recepit,
290 1685 391 1742 dando
406 1691 437 1742 et
451 1685 620 1761 pollicendo
636 1685 732 1742 multa
747 1687 878 1761 perfecit,
890 1687 933 1743 uti
946 1687 1034 1756 fama,

158 1764 223 1834 lide,
236 1775 390 1840 postremo
406 1766 546 1822 omnibus
563 1768 627 1822 suis
640 1767 731 1822 rebus
746 1768 937 1824 commodum
953 1769 1035 1842 regis

158 1847 328 1906 anteferret.
373 1847 521 1922 Reliquos
537 1847 655 1922 legatos
670 1849 775 1904 eadem
792 1847 842 1904 via
863 1866 1033 1923 aggressus,
1051 1849 1089 1906 20

158 1927 318 2003 plerosque
340 1929 441 2003 capit;
464 1929 570 2004 paucis
592 1930 689 1985 carior
708 1929 780 1985 fides
796 1947 887 2003 quam
907 1929 1035 2003 pecunia

158 2007 223 2066 fuit.
267 2010 303 2066 In
329 2010 486 2079 divisione,
504 2028 580 2085 quae
603 2027 675 2084 pars
698 2009 860 2066 Numidiae
882 2008 1036 2066 Maureta·

156 2091 240 2146 niam
264 2091 398 2162 attingit,
420 2109 493 2165 agro
508 2091 641 2164 virisque
664 2091 843 2164 opulentior,
860 2091 1034 2163 Jugurthae

156 2171 307 2245 traditur3
330 2172 413 2228 illam
436 2173 559 2229 alteram
584 2172 683 2245 specie
699 2189 788 2246 quam
804 2189 860 2228 usu
875 2172 1032 2246 potiorem,

157 2269 234 2325 quae
258 2253 431 2326 portuosior
454 2259 484 2310 et
508 2253 650 2310 aediliciis
675 2253 775 2328 magis
794 2258 939 2310 exornata
958 2258 1031 2322 erat,
1049 2253 1085 2308 25

118 2338 122 2347 '
156 2332 314 2390 Adherbal
330 2335 473 2410 possedit.

199 2415 243 2472 lt.
268 2415 331 2472 Res
359 2417 512 2491 postulare
536 2416 658 2471 videtur
674 2413 794 2470 Africae
818 2413 907 2470 situm
929 2413 1033 2489 paucis

154 2513 304 2570 exponere
320 2502 351 2552 et
365 2513 417 2552 eas
433 2497 735 2570 genteS,quibuscrrm
753 2495 840 2550 nobis
852 2495 961 2550 bellum
979 2500 1033 2550 aut

156 2577 292 2633 amicitia
307 2577 372 2645 fuit,
391 2578 550 2652 attingere.
595 2576 654 2634 Sed
670 2595 746 2651 quae
761 2576 827 2632 loca
846 2581 877 2632 et
891 2577 1032 2632 nationes

154 2657 192 2711 oh
208 2657 339 2714 calorem
361 2663 414 2713 aut
435 2659 641 2732 asperitatem,
652 2658 725 2714 item
738 2657 919 2714 solitudines
928 2657 1029 2712 minus
1046 2657 1084 2712 30

154 2735 347 2811 frequentata
362 2745 441 2808 sunt,
458 2739 494 2795 dc
507 2739 550 2794 eis
570 2737 650 2794 haud
668 2738 752 2794 facile
765 2743 952 2812 compertum
968 2755 1033 2793 nar-

153 2818 284 2874 raverim
300 2839 306 2890 3
330 2831 430 2875 cetera
445 2837 536 2892 quam
551 2819 755 2892 paucissumis
771 2819 937 2876 absolvam.

194 2897 231 2953 In
254 2897 403 2955 divisione
426 2898 507 2955 orbis
529 2905 626 2955 terrae
651 2899 785 2974 plerique
809 2899 840 2955 in
866 2905 952 2972 parte
974 2903 1031 2954 ter-

153 2974 197 3032 tia
216 2977 354 3036 Africam
375 2996 509 3052 posuere,
529 2979 617 3054 parrci
639 2981 852 3037 tantummodo
871 2979 980 3036 Asiam
1000 2986 1030 3035 et

154 3055 311 3132 Europam
333 3076 410 3125 esse,
436 3059 488 3115 sed
505 3057 639 3116 Africam
660 3060 692 3115 in
712 3061 844 3134 Europa.
887 3059 934 3115 Ea
957 3057 1030 3115 lines
1045 3059 1082 3115 35

142 3133 246 3194 ¹habet
262 3138 299 3195 ab
314 3139 468 3195 occidente
490 3139 600 3194 fretum
625 3139 719 3196 nostri
745 3141 837 3196 maris
859 3145 890 3196 et
906 3138 1028 3208 Oceani,

154 3216 193 3273 ab
219 3224 287 3275 ortu
317 3219 391 3276 solis
413 3219 560 3276 declivem
589 3219 791 3288 latitudinem,
811 3237 901 3294 quem
930 3221 1030 3276 locum

154 3296 381 3355 Catabathmon
392 3299 509 3357 incolae
525 3299 686 3375 appellant.
723 3300 810 3356 Mare
826 3317 960 3369 saevum,
977 3300 1030 3354 im-

152 3383 339 3451 portuosum,
353 3397 426 3453 ager
440 3380 561 3452 frugum
573 3378 689 3449 fertilis
700 3378 798 3434 bonus
809 3379 919 3454 pecori,
928 3377 1028 3435 arbori
