2346 3718
99 135 140 199 18
377 151 405 200 o.
422 150 603 198 saunusrr
628 150 751 198 oarsrr

153 314 169 341 “
179 308 354 384 ‚Iugurthae
380 308 427 366 tui
456 307 535 365 bello
557 307 749 365 Numantino
772 308 862 382 longe
885 326 1034 365 maxuma

150 389 250 446 virtus
271 389 336 458 fuit,
353 405 445 463 quarn
467 405 531 445 rem
553 388 607 444 tibi
630 394 711 445 certo
733 389 795 445 scio
816 389 929 462 gaudio
951 406 1030 446 esse.

111 503 112 506 =
151 468 248 526 Nobis
264 470 301 526 ob
315 469 424 526 merita
438 485 494 526 sna
516 485 603 526 carus
629 473 693 541 est3
716 474 750 525 ut
764 469 845 525 idem
861 468 982 526 senatui
997 475 1032 525 et

150 549 261 625 populo
289 549 431 606 Romano
461 550 510 619 sit,
540 566 661 605 summa
690 566 745 624 ope
775 549 916 605 nitemur.
960 548 1033 605 Tibi

118 629 273 704 5quidem
294 647 348 705 pro
371 634 475 685 nostra
503 628 639 685 amicitia
667 627 810 702 gratulor.
855 627 904 685 En
933 628 1030 686 habes

151 709 249 766 virum
265 709 390 783 dignum
403 714 434 765 te
450 714 541 783 atque
551 726 609 765 avo
619 725 675 765 suo
691 708 886 766 Masinissa.’'
928 708 1031 782 Igitur

150 807 211 859 rex,
228 789 280 846 ubi
301 807 346 859 ea,
363 806 439 863 quae
461 789 542 845 fama
564 793 728 863 occeperat,
746 807 784 846 ex
806 789 917 846 litteris
935 789 1031 864 impe·

150 869 259 926 ratoris
281 869 325 927 ita
345 886 411 926 esse
434 869 586 942 cognovit,
609 887 678 926 cum
700 869 814 926 virtute
839 875 905 926 tum
928 870 1031 942 gratia

150 949 209 1006 viri
230 955 386 1024 permotus
408 947 491 1006 flexit
513 949 651 1006 animum
673 966 762 1004 suum
786 955 817 1005 et
837 949 1028 1023 Jugurtham

98 1029 134 1086 10
150 1029 302 1086 beneficiis
330 1029 448 1085 vincere
478 1045 643 1102 aggressus
677 1034 733 1097 est,
758 1029 924 1103 statimqne
957 1047 1029 1087 eum

150 1109 311 1184 adoptavit
333 1113 363 1165 et
385 1115 570 1166 testamento
585 1109 701 1183 pariter
716 1126 784 1165 cnm
801 1107 870 1164 filiis
886 1108 1029 1167 heredem

149 1189 290 1247 instituit.
335 1188 395 1246 Sed
410 1189 474 1264 ipse
488 1206 603 1264 paucos
617 1193 688 1265 post
703 1206 799 1245 annos
815 1189 919 1246 morbo
935 1196 1029 1264 atque

150 1276 250 1327 aetate
266 1269 420 1326 confectus
442 1286 510 1326 cum
534 1268 593 1326 sibi
609 1267 699 1325 finem
715 1269 796 1326 vitae
819 1267 926 1326 adesse
942 1269 1030 1327 intel-

149 1350 264 1425 ligeret,
281 1367 383 1407 eoram
398 1349 502 1406 amicis
516 1354 548 1407 et
557 1349 697 1422 cognatis
707 1349 839 1423 itemque
852 1350 1029 1408 Adherbale

98 1433 133 1489 15
149 1437 180 1487 et
196 1429 373 1505 Hiempsale
389 1429 459 1486 filiis
475 1430 587 1487 dicitur
602 1428 727 1504 hujusce
752 1429 835 1486 modi
852 1429 943 1487 verba
958 1449 1028 1488 cum

149 1510 171 1567 J
174 1509 306 1584 ugurtha
322 1508 474 1566 habuisse.

192 1593 235 1648 10.
259 1595 275 1620 “
289 1590 422 1646 Parvum
433 1607 500 1664 ego,
511 1589 532 1648 J
534 1587 676 1663 ugurtha,
692 1595 722 1646 te
734 1588 847 1647 amisso
856 1594 952 1666 patre,
963 1591 1029 1648 sine

150 1686 211 1744 spe,
238 1670 302 1727 sine
325 1671 443 1744 opibus
459 1671 492 1727 in
516 1687 644 1744 regnum
669 1687 770 1726 meum
792 1670 902 1744 accepi,
918 1671 1032 1728 existu-

149 1767 237 1807 mans
252 1768 312 1807 non
327 1751 428 1807 minus
443 1768 492 1807 me
507 1749 664 1826 tibiquam
680 1749 790 1821 liberis,
801 1749 828 1806 si
843 1751 1029 1824 genuissem,

97 1835 135 1891 20
150 1830 188 1887 ob
210 1830 354 1888 beneficia
375 1848 478 1888 carum
501 1830 578 1903 fore;
605 1848 703 1903 neque
725 1849 762 1887 ea
775 1847 823 1886 res
845 1829 955 1887 falsum
980 1849 1030 1888 me

151 1910 264 1970 habuit.
309 1911 401 1980 Nam‚'
415 1915 450 1967 ut
472 1909 532 1968 alia
554 1927 667 1984 magna
681 1915 713 1968 et
736 1909 861 1984 egregie
874 1917 928 1966 tua
943 1911 1032 1968 omit-

150 1995 222 2060 tam,
233 1991 408 2048 novissume
419 1990 832 2064 rediensNumantiameque
842 2007 1030 2066 regnumque

151 2088 250 2128 meum
272 2071 370 2145 gloria
392 2070 582 2128 honoravisti
596 2075 711 2145 tuaque
726 2070 841 2127 virtute
866 2070 953 2127 nobis
969 2071 1032 2128 Ro-

153 2169 258 2208 manos
273 2170 309 2208 ex
326 2151 433 2208 amieis
444 2151 658 2208 amicissumos
669 2150 776 2208 fecisti.
820 2150 857 2206 In
874 2149 1031 2226 Hispania

98 2236 136 2293 25
151 2249 260 2288 nomen
282 2233 415 2289 familiae
437 2236 619 2288 renovatum
648 2235 704 2288 est.
748 2229 918 2301 Postremo,
948 2232 1030 2307 quod

151 2311 369 2369 difficillumum
395 2313 475 2369 inter
496 2311 641 2368 mortales
669 2316 727 2381 est,
754 2311 852 2384 gloria
881 2311 1030 2368 invidiam

151 2391 261 2450 vicisti.
305 2393 403 2461 Nunc,
424 2392 567 2466 quoniam
590 2391 664 2448 mihi
697 2397 809 2448 natura
836 2389 925 2447 finem
946 2391 1030 2449 vitae

152 2473 233 2542 faoit,
255 2491 309 2549 per
331 2473 409 2530 hanc
432 2472 595 2542 dexteram,
612 2490 666 2546 per
694 2470 780 2545 regni
810 2470 898 2527 fidem
921 2489 1030 2528 moneo

153 2554 348 2628 obtestorque
370 2552 472 2616 tenti
495 2551 560 2622 hos,
578 2552 630 2626 qui
651 2551 708 2609 tibi
727 2569 836 2624 genere
857 2551 1029 2626 propinqui,

99 2639 137 2694 30
152 2632 295 2691 beneficio
311 2651 378 2690 meo
393 2634 502 2690 fratres
524 2637 604 2702 sunt,
621 2649 708 2690 caros
727 2630 849 2700 habeas,
865 2649 925 2687 neu
940 2632 1030 2690 malis

153 2711 1028 2788 alienosadjungeroquamsanguineoonjunctosretinere.

153 2794 225 2852 Non
236 2794 386 2852 exercitus
409 2809 507 2866 neque
522 2791 657 2850 thesauri
672 2789 825 2867 praesidia
846 2791 933 2864 regni
947 2797 1028 2863 sunt,

153 2891 260 2932 verum
286 2873 385 2944 amici,
402 2889 478 2948 quos
499 2890 597 2948 neque
612 2872 705 2929 armis
721 2888 828 2946 cogere
843 2889 940 2946 neque
955 2890 1029 2931 auro

153 2971 259 3030 parare
275 2972 386 3029 queas:
409 2951 545 3010 officioet
553 2951 610 3010 fide
626 2952 794 3026 pariuntur.
839 2950 916 3024 Quis
928 2958 1030 3010 autem

101 3038 138 3094 35
154 3034 280 3092 amicior
302 3051 393 3109 quam
417 3034 509 3090 frater
533 3030 640 3090 fratri?
688 3033 756 3088 Aut
778 3049 868 3106 quem
897 3031 1030 3090 alienum

154 3113 247 3173 fidum
278 3113 423 3185 invenies,
450 3111 476 3167 si
503 3112 565 3168 tuis
586 3111 684 3170 hostis
711 3108 826 3168 fueris?
879 3109 1031 3186 Equidem

155 3212 212 3267 ego
228 3193 314 3251 vobis
334 3208 462 3266 regnum
483 3191 571 3248 trado
593 3191 720 3257 firmum,
737 3191 762 3247 si
783 3190 855 3247 boni
870 3191 964 3263 critis
982 3194 1031 3251 sin

155 3272 237 3342 mali,
254 3272 446 3329 imbecillum.
488 3269 570 3326 Nam
590 3270 750 3328 concordia
772 3287 886 3345 parvae
903 3289 952 3328 res
972 3291 1032 3331 cre-

160 3357 259 3422 scunt,
289 3350 441 3408 discordia
467 3366 629 3406 maxumae
656 3349 842 3406 dilabuntur.
886 3349 1030 3412 Ceterum
