2322 3718
292 164 338 212 na
363 161 657 211 corrurrriorn
682 160 902 235 osrrmrmn.
1019 147 1061 210 95

768 264 803 297 fr,
821 277 848 310 .·'
862 291 866 303 Ι
883 276 886 286 .

124 325 242 381 bitione
258 329 399 399 corrupta
412 323 588 380 tenebatur:
611 339 645 378 ac
666 339 722 391 me,
739 301 806 393 edm
824 308 865 378 'ab'
880 321 1009 395 reliquo-

125 422 196 461 rum
206 405 295 460 malis
305 405 440 460 moribus
450 402 653 472 dissentirem,
664 401 759 457 nihilo
768 401 870 457 minus
882 401 1008 458 honoris

127 485 241 558 cupido
269 484 383 555 eadem,
410 501 486 558 quae
520 488 645 551 ceterae,
672 477 753 538 fama
774 486 866 556 atque
887 473 1010 538 invidid

126 567 269 623 vexabat.

169 647 195 701 4.
219 645 322 719 Igitur
336 645 387 702 ubi
402 643 522 700 animus
536 660 575 700 cx
588 642 693 699 multis
707 641 838 699 miseriis
854 648 944 717 atquc
959 661 1008 718 pe·
1042 646 1060 702 5

126 725 233 781 riculis
248 725 405 800 requievit,
416 732 447 781 et
461 723 537 780 mihi
552 721 700 796 reliquam
712 727 844 779 aetatem
860 741 878 778 a
889 740 920 779 re
935 724 1008 799 pub

127 804 188 860 lica
209 806 313 878 procul
337 804 509 861 habendam
531 803 660 872 decrevi,
684 820 746 859 non
767 803 825 859 fuit
846 803 1005 860 consilium

127 885 269 941 socordia
279 891 368 960 atque
379 884 496 955 desidia
506 882 620 940 bonum
630 883 727 938 otium
739 888 901 952 conterere,
910 901 1006 959 neque

126 982 201 1021 vero
216 983 323 1038 agrum
339 964 465 1022 colendo
484 969 538 1020 aut
548 963 699 1032 venandO,
715 963 877 1019 servilibus
892 963 1005 1032 officiis

127 1027 294 1110 intentari*
298 1051 429 1102 aetatem
445 1061 555 1118 agere3
578 1043 631 1100 sed
648 1060 665 1098 a
680 1061 740 1117 quo
756 1043 877 1118 incepto
894 1044 1007 1101 studio·
1023 1048 1059 1103 10

126 1143 185 1200 que
208 1142 256 1180 mc
279 1125 405 1182 ambitio
424 1124 506 1181 mala
524 1123 704 1192 detinuerat,
720 1123 827 1179 eodem
848 1141 1006 1199 regressus

126 1203 223 1262 statui
243 1223 291 1261 res
312 1212 416 1278 gestas
436 1203 541 1279 populi
564 1203 705 1288 Romani
716 1202 903 1288 carptimfiit
918 1193 1055 1280 quae-‘³'

126 1303 186 1360 que
208 1269 462 1360 memoriddigna
478 1284 666 1353 videbantur,
677 1272 880 1358 p'drs'cribe'rc3
896 1303 931 1341 co
947 1303 1007 1342 ma-

126 1365 185 1439 gis,
203 1367 283 1440 quod
304 1365 379 1422 mibi
401 1383 419 1422 a
441 1383 504 1439 spe,
525 1370 617 1433 metu,
642 1363 781 1438 partibus
802 1365 844 1420 rei
866 1366 1005 1439 publicae

126 1445 249 1502 animus
263 1446 339 1502 liber
350 1451 424 1503 erat.
468 1444 568 1518 Igitur
577 1444 614 1500 de
626 1443 778 1502 Catilinae
788 1446 1004 1518 conjuratione,
1023 1449 1058 1505 15

126 1510 220 1599 qriam
236 1514 403 1582 verissume
423 1530 538 1600 potero,
554 1524 660 1598 paucis
682 1524 858 1582 absolvam:
882 1543 953 1581 nam
974 1525 1005 1583 id

125 1605 244 1662 facinus
268 1607 299 1663 in
326 1605 431 1682 primis
463 1623 521 1679 ego
546 1604 742 1661 memorabile
767 1605 920 1662 existumo
946 1623 1007 1663 sce-

59 1702 93 1760 re
125 1685 198 1743 leris
227 1691 318 1760 atque
345 1685 470 1762 periculi
501 1685 646 1741 novitate.
691 1684 737 1741 De
760 1686 844 1759 cujus
873 1685 1005 1743 hominis

71 1773 83 1802 ἴ
107 1765 261 1822 *moribus
276 1783 373 1841 pauca
384 1766 470 1840 prins
479 1765 674 1840 explananda
688 1770 768 1835 sunt,
780 1783 872 1840 quam
883 1765 1004 1823 initium

25 1869 29 1878 ⁴
57 1843 77 1906 ,τ’
125 1847 270 1902 narrandi
286 1847 404 1904 faciam.
1007 1853 1058 1922 ‚20

54 1919 64 1951 ³
166 1929 192 1984 5.
218 1926 253 1983 L.
266 1926 409 1996 Catilina,
426 1926 520 1982 nobili
534 1901 759 2000 genereinatus,
775 1926 834 1983 fuit
849 1944 963 2001 magna
973 1920 1024 2000 vi'¹

124 2013 156 2062 et
178 2006 272 2061 animi
293 2012 324 2064 et
342 2007 486 2081 corporis,
508 2007 562 2064 sed
592 1999 817 2080 ingeniostmalo
839 2025 1002 2082 pravoque.

125 2085 209 2142 Huic
222 2086 260 2142 ab
273 2086 476 2144 adolescentia
488 2086 568 2143 bella
578 2086 733 2156 intestina,
743 2087 1002 2163 caedesrapinae,

124 2166 278 2223 discordia
287 2167 387 2224 civilis
397 2173 487 2241 grata
497 2167 904 2265 fueressmquequveqtutem
916 2185 1003 2242 suam

123 2245 265 2304 exercuit.
311 2247 430 2322 (lorpus
439 2247 561 2322 patiens
576 2238 705 2317 inediae,
727 2230 849 2321 algoris,
867 2236 1054 2322 signiaej‘ae

43 2343 218 2418 Misfflupffl
232 2345 323 2402 quam
338 2328 478 2402 cuiquam
488 2327 632 2384 credibile
644 2333 699 2385 est.
743 2328 876 2385 Animus
892 2329 1000 2399 audax,

124 2405 281 2479 subdolus,
297 2409 411 2479 varice,
428 2408 513 2480 cujus
528 2407 571 2464 rei
590 2406 675 2464 lubet
690 2407 849 2464 simulator
865 2427 899 2466 ac
915 2410 1002 2466 dissi-

123 2486 270 2560 mulater;
298 2488 389 2544 alieni
393 2493 568 2578 ,diffletis
596 2487 643 2552 sui
660 2487 948 2580 *profusqsffardens
969 2490 1000 2546 in
1088 2509 1089 2512 ’
1113 2489 1142 2552 Χ

123 2566 358 2642 cupiditatibus3
383 2565 459 2625 satis
472 2561 860 2642 ‘eloquentiaefsapie'ntiae
881 2586 997 2644 parum.
1012 2583 1029 2629 <0
1051 2611 1067 2632 ,i
1094 2600 1098 2606 ¹
1141 2555 1147 2584 l

125 2647 243 2703 Vastus
255 2648 374 2704 animus
389 2647 599 2717 immoderata,
615 2648 810 2718 incredibilia,
827 2633 918 2706 nimis
937 2652 1000 2707 alta
1015 2658 1052 2714 30

123 2744 245 2801 semper
265 2729 415 2802 cupiebat.
460 2727 553 2785 Hunc
573 2734 645 2802 post
660 2728 899 2786 dominationem
923 2729 999 2788 Luci

123 2805 228 2863 Sullae
247 2807 351 2866 ludibo
370 2826 514 2865 maxuma
530 2808 687 2865 invaserat
707 2808 751 2864 rei
769 2809 907 2884 publicae
923 2811 1002 2886 capi-

122 2886 230 2956 undae,
239 2906 336 2963 neque
349 2889 380 2945 id
390 2889 500 2962 quibus
511 2889 610 2945 modis
622 2889 846 2962 adsequeretur,
858 2891 931 2947 dum
941 2892 999 2948 sibi

122 2983 252 3040 regnum
273 2974 402 3044 pararet,
418 2968 579 3043 quicquam
602 2969 688 3042 pensi
710 2967 848 3028 habebat.
893 2970 1000 3045 Agita-

122 3046 214 3103 batur
234 3049 333 3123 magis
352 3049 510 3123 magisque
533 3049 565 3105 in
580 3048 645 3105 dies
661 3049 780 3106 animus
795 3049 880 3106 ferox
895 3050 999 3126 inopia
1014 3057 1051 3112 35

121 3127 163 3183 rei
188 3128 347 3185 familiaris
362 3135 392 3187 et
407 3129 592 3185 conscientia
607 3129 761 3198 scelerum,
777 3147 854 3203 quae
869 3136 997 3204 utraque

121 3206 166 3263 eis
182 3207 302 3264 artibus
318 3215 451 3276 auxerat,
464 3225 540 3282 quas
555 3226 647 3282 supra
667 3208 842 3263 memoravi.
885 3208 996 3266 Incita

120 3286 195 3343 bant
216 3293 374 3362 praeterea
396 3287 528 3362 corrupti
549 3287 684 3343 civitatis
705 3303 811 3353 meree,
828 3303 904 3360 qnos
931 3305 997 3361 pes-

121 3383 209 3424 suma
219 3385 254 3424 ac
266 3366 516 3432 dirorsainterse
526 3365 615 3434 mala,
626 3364 745 3420 luxuria
752 3369 845 3445 atque
857 3365 994 3438 avaritia,

123 3471 147 3498 cc
167 3477 186 3484 —
205 3437 380 3501 {uf-‚mr

741 3542 751 3562 ,Ι

624 3567 627 3574 ι

655 3575 756 3606 λ,”
853 3591 864 3602 v·
899 3581 914 3602 ι’

651 3606 678 3632 ’Λα
711 3602 718 3609 “
750 3595 790 3640 ΙΤ
838 3605 927 3625 κ,1’
