2346 3718
98 125 140 190 68
377 138 406 185 o.
429 136 612 184 sanuusrr
637 136 760 184 onrsrr

195 300 239 356 81.
263 296 386 372 Igitur
378 315 409 354 ιιι
424 296 523 353 locum
544 297 692 354 ambobus
712 296 860 372 placitum
881 296 1032 356 exercitus

152 379 344 437 conveniunt.
401 377 448 434 Ibi
478 376 534 434 fide
563 379 636 434 data
663 382 694 434 et
723 384 846 453 accepta
814 378 938 453 taan
919 385 991 434 <rtur
979 378 1034 434 tha

153 459 268 516 Bocchi
297 459 432 514 animum
459 457 596 515 oratione
621 459 776 516 accendi:
807 458 998 514 Romanos
990 475 1034 513 rn-

156 541 221 614 just
224 557 265 608 οι,
278 538 428 613 profunda
444 538 581 607 avaritia,
595 555 769 595 communes
781 538 916 594 omnium
927 537 1033 595 hostes

120 623 239 690 5esse;
261 619 389 676 eandem
412 619 480 675 illos
502 635 626 675 causam
647 618 718 674 belli
741 637 809 674 oum
835 617 957 675 Boccho
983 618 1033 674 ha

153 701 231 769 bere,
248 717 340 772 quam
361 715 462 755 secum
479 704 593 756 etcum
608 697 676 754 aliis
696 705 769 772 gent
757 699 847 769 tibus
863 698 1032 756 lubidinem

153 779 356 854 imperitandi,
373 779 442 852 quis
457 779 560 834 omnia
576 795 670 852 regna
686 779 817 836 advorsa
838 779 907 835 sint.
952 778 1031 835 Tum

154 877 229 929 sese,
245 859 337 934 paulo
359 864 412 916 aut
413 877 429 915 ι
447 858 727 932 Carthaginienses,
742 859 816 916 item
836 876 940 933 regem
962 857 1033 915 Per-

154 957 205 996 sen
209 945 301 1016 ‚post
323 939 368 995 uti
392 939 521 1014 quisque
543 938 802 1013 opulentissumus
819 939 970 1007 videatur,
988 939 1032 994 ita

102 1021 138 1078 10
155 987 304 1077 Romanis
319 1019 438 1076 hostem
453 1019 524 1076 sore
568 1015 666 1075 llist
636 1024 666 1075 at
668 1037 725 1094 que
738 1020 806 1076 aliis
818 1020 932 1076 talibus
944 1019 1012 1076 dict'
992 1026 1032 1075 trs

154 1101 192 1156 ad
209 1099 326 1158 Cirtam
342 1100 488 1175 oppidum
506 1098 564 1155 iter
585 1099 785 1169 constituunt,
802 1101 882 1175 quod
904 1099 946 1155 ibi
968 1099 1032 1156 Μι-

153 1179 244 1236 tellus
258 1180 402 1254 praedam
418 1179 617 1254 captivosque
632 1185 663 1236 et
677 1147 895 1254 impedimenta
915 1179 1032 1236 locave-

153 1265 208 1317 rat.
253 1260 304 1319 Ita
272 1259 447 1334 ttJugur
435 1260 489 1317 tha
517 1266 603 1316 ratus
629 1264 682 1315 aut
706 1267 796 1334 capta
765 1260 897 1316 turbe
923 1278 1030 1351 operae

152 1340 283 1416 pretium
299 1339 370 1411 fore,
386 1346 439 1397 aut
462 1340 488 1396 si
512 1340 575 1396 dux
598 1339 757 1396 Romanus
773 1341 886 1396 auxilio
905 1341 969 1396 suis
984 1358 1032 1396 ve-

102 1423 138 1480 15
154 1421 258 1492 nisset
284 1387 397 1496 proelio
426 1438 492 1477 sese
516 1427 691 1478 certaturos
744 1420 825 1477 Nam
850 1421 977 1477 callidus
1000 1420 1030 1477 id

154 1503 243 1558 modo
255 1502 313 1558 fest
315 1501 428 1570 inabat,
440 1501 553 1558 Bocchi
565 1519 671 1576 pacem
683 1500 868 1572 imminuere
881 1519 918 1558 ne
929 1518 1030 1557 moras

155 1583 221 1656 agit
208 1583 301 1638 tando
317 1582 399 1638 aliud
415 1599 507 1655 quam
522 1582 634 1638 bellum
651 1581 762 1638 mallet.

195 1665 239 1719 82.
263 1662 439 1736 Imperator
454 1667 615 1736 postquam
631 1662 668 1718 de
684 1679 790 1736 regum
804 1661 951 1719 societate
963 1679 1032 1736 cog-

155 1743 249 1812 novit,
266 1759 328 1799 non
350 1747 462 1798 temere
485 1760 591 1816 neque,
616 1741 662 1798 uti
685 1760 775 1819 saepe
793 1743 857 1815 jam
874 1743 955 1799 victo
977 1740 1032 1799 Ju-

102 1825 139 1880 20
155 1822 269 1895 gurtha
281 1827 490 1891 consueverat,
504 1822 646 1879 omnibus
657 1823 730 1880 locis
742 1823 900 1899 pugnandi
912 1823 1030 1914 copiam

154 1902 235 1960 facit.
281 1903 422 1960 Ceterum
439 1902 521 1959 haud
536 1903 641 1978 procul
656 1905 695 1960 ab
711 1903 797 1961 Cirta
811 1903 920 1960 castris
936 1903 1032 1959 muni-

154 1983 195 2040 tis
209 2001 298 2058 reges
301 1983 472 2074 opperitur,
485 1983 593 2040 melius
608 2001 676 2041 csse
692 1990 740 2040 rat
741 2002 786 2052 ue,
799 1983 929 2056 cognitis
944 1983 1032 2039 Mau·

152 2063 194 2120 ris
198 2063 360 2138 ‚quoniam
372 2063 398 2118 is
413 2081 512 2120 novus
524 2063 601 2120 host
579 2071 620 2121 trs
632 2070 809 2132 accesserat
820 2081 857 2120 ex
872 2064 1031 2120 commodo

152 2162 287 2218 pugnam
303 2143 408 2201 facere
453 2143 581 2200 Interim
599 2144 701 2201 Roma
714 2161 769 2220 per
784 2145 904 2201 litteras
920 2144 1031 2200 certior

100 2228 137 2284 25
154 2223 187 2281 lit
208 2223 396 2299 provinciam
420 2222 598 2280 Numidiam
620 2224 719 2282 Mario
735 2225 856 2297 datam;
878 2242 949 2280 nam
964 2241 1033 2280 con-

153 2305 251 2362 sulem
266 2305 381 2362 factum
397 2309 467 2361 ante
483 2310 646 2380 acceperat
691 2305 810 2377 Quibus
829 2304 916 2362 rebus
938 2322 1033 2380 supra

153 2386 266 2442 bonum
282 2389 336 2441 aut
350 2384 513 2442 honestum
531 2385 696 2460 perculsus
713 2403 810 2478 peque
825 2386 975 2441 lacrumas
989 2390 1033 2442 te-

151 2483 223 2522 nere
239 2483 336 2540 neque
352 2465 502 2522 moderari
518 2465 674 2539 linguam3
694 2466 740 2522 vir
754 2465 898 2557 egregius
913 2465 945 2522 in
961 2465 1031 2522 aliis

153 2547 270 2602 artibus
295 2545 386 2601 nimis
411 2545 544 2601 molliter
565 2546 789 2619 aegritudinem
811 2545 884 2620 pati
930 2546 1031 2619 Quam

99 2629 137 2685 30
152 2644 217 2682 rem
241 2625 322 2682 alii
314 2643 346 2681 ιιι
369 2625 543 2699 superbiam
559 2632 627 2682 vort
616 2627 729 2698 t,ebant
746 2627 797 2684 alii
821 2624 957 2682 bouum'
949 2644 1032 2720 inge-

152 2707 237 2762 nium
260 2706 444 2763 contumelia
466 2723 624 2762 accensum
648 2724 723 2777 esse,
745 2707 843 2776 multi,
868 2707 977 2781 quod'
965 2725 1030 2781 Jam

151 2792 241 2862 parta
255 2786 385 2844 victoria
400 2805 437 2843 ex
452 2787 594 2843 manibus
615 2787 787 2861 eriperetur.
831 2787 931 2844 Nobis
953 2789 1031 2846 satis

152 2867 310 2942 cognitum
321 2871 369 2923 est
380 2866 465 2922 illum
478 2868 578 2942 magis
590 2867 702 2924 honore
718 2867 799 2924 Mari
813 2877 902 2943 quam
918 2868 1030 2942 injuria

152 2965 208 3006 sua
221 2947 436 3016 excruciatum
453 2965 549 3022 neque
573 2954 637 3004 tam
658 2948 745 3004 auxie
768 2949 901 3004 laturum
925 2948 1028 3020 fuisse,

99 3029 136 3086 35
153 3028 179 3084 si
194 3029 337 3102 adempta
352 3027 511 3101 provincia
526 3027 576 3084 alii
593 3047 684 3102 quarn
700 3028 801 3084 Mario
816 3029 994 3085 traderetur.

192 3111 238 3164 83
263 3106 362 3181 Igitur
376 3126 412 3164 eo
428 3108 529 3164 dolore
546 3108 712 3182 impeditus
733 3115 765 3165 et
786 3108 908 3182 quiast
879 3109 1030 3167 stultitiae

152 3186 314 3242 videbatur
336 3187 466 3243 alienam
484 3203 545 3242 rem
561 3186 693 3261 periculo
709 3205 764 3244 suo
780 3205 883 3244 curare
887 3187 993 3262 ‚tlega
996 3207 1031 3247 os

153 3265 192 3321 ad
208 3264 361 3320 Bocchum
376 3265 472 3321 mittit
486 3265 683 3338 postulatum,
696 3284 733 3322 ne
749 3267 814 3324 sine
824 3284 916 3323 causa
931 3268 1031 3326 hostis

153 3343 265 3417 populo
276 3342 417 3398 Romano
430 3342 529 3400 lieret:
545 3343 655 3400 habere
670 3350 736 3401 tum
751 3363 894 3419 magnam
912 3348 1031 3422 cupiam
