2346 3718
83 129 125 192 58
361 144 390 190 c.
407 143 587 190 snaausrr
613 144 737 190 career

136 301 268 376 egregiis
291 301 380 358 iactis
401 307 475 370 erat,
492 303 565 377 quin
579 303 606 359 is
621 303 766 377 indignus
789 302 840 361 illo
856 303 969 362 honore
984 311 1019 362 et

137 384 223 457 quasi
238 381 373 458 pollutus
389 381 558 439 haberetur.

179 466 223 521 64.
247 462 348 536 Igitur
363 462 414 518 ubi
430 461 547 518 Marius
564 463 733 536 haruspicis
752 464 833 520 dicta
851 465 956 522 eodem
973 465 1019 520 in-

136 543 257 600 tendere
270 542 426 616 videt,qu0
437 543 546 616 cupido
559 543 651 598 animi
665 543 852 614 hortabatur,
861 545 899 600 ab
909 545 1020 602 Metel-

103 625 119 681 5
136 623 164 679 lo
177 623 302 698 petundi
316 623 414 696 gratia
429 624 604 680 missionem
613 631 710 696 rogat.
756 623 813 682 Cui
829 643 1017 700 quamquam

136 704 243 771 virtus,
258 703 357 778 gloria
373 709 464 778 atque
481 703 540 760 alia
556 703 691 777 optanda
705 704 794 761 bonis
817 705 1015 778 superabant,

135 790 238 841 tamen
260 785 357 840 inerat
372 790 562 858 contemptor
578 783 697 840 animus
718 789 749 840 et
764 785 916 857 superbia,
934 803 1018 842 com-

136 882 225 922 mune
236 864 405 921 nobilitatis
416 864 538 920 malum.
583 863 691 938 Itaque
703 864 831 937 primum
845 872 1017 921 commotus

135 944 259 1002 insolita
274 964 306 1002 re
328 945 430 1000 mirari
452 947 516 1018 ejus
531 945 701 1013 consilium,
718 951 749 1000 et
764 945 852 1018 quasi
873 963 928 1019 per
943 945 1017 1000 ami-

84 1024 120 1081 10
136 1025 239 1081 citiam
259 1043 388 1094 monere,
411 1043 448 1082 ne
473 1031 537 1082 tam
557 1041 653 1098 prava
673 1024 818 1100 inciperet
840 1042 898 1082 neu
924 1043 1018 1100 super

136 1105 288 1168 fortunam
317 1107 452 1161 animum
481 1112 616 1179 gereret:
648 1123 709 1161 non
738 1104 840 1161 onmia
868 1105 1015 1162 omnibus

135 1187 287 1261 cupiunda
308 1205 389 1258 esse;
412 1185 519 1242 debere
541 1184 586 1240 illi
606 1201 654 1241 res
680 1203 752 1242 suas
775 1185 850 1242 satis
875 1185 1017 1260 placere3

134 1272 288 1341 postremo
304 1272 424 1323 caveret
439 1265 469 1322 id
484 1271 586 1340 petere
602 1283 620 1322 a
634 1265 747 1340 populo
762 1265 912 1335 Romano,
930 1266 1015 1341 quod

136 1347 179 1402 illi
191 1349 257 1420 jure
270 1353 439 1420 negaretur.
485 1346 652 1420 Postquam
669 1345 741 1402 haec
756 1346 924 1420 atquealia
939 1346 1017 1402 talia

85 1426 119 1482 15
137 1427 213 1483 dixit
242 1445 337 1502 neque
366 1427 484 1483 animus
514 1426 594 1482 Mari
616 1425 754 1494 flectitur,
771 1425 937 1500 respondit,
961 1427 1016 1482 ubi

135 1508 266 1582 primum
276 1507 428 1581 potuisset
442 1523 495 1582 per
509 1506 634 1580 negotia
643 1505 772 1579 publica,
781 1505 934 1564 iacturum
947 1523 1016 1562 sese

138 1605 214 1661 quae
236 1594 359 1662 peteret.
400 1586 447 1644 Ac
462 1593 568 1662 postea
583 1586 706 1661 saepius
722 1586 828 1643 eadem
843 1587 1016 1659 postulanti

136 1667 230 1724 fertur
258 1667 378 1736 dixisse,
406 1685 443 1724 ne
471 1667 628 1724 festinaret
658 1667 762 1740 abire3
796 1667 871 1722 satis
894 1675 1016 1724 mature

136 1747 222 1804 illum
237 1766 304 1804 cum
328 1747 387 1804 filio
410 1765 465 1804 suo
487 1746 681 1804 consulatum
703 1747 879 1822 petiturum.
924 1747 956 1803 ls
978 1765 1015 1803 eo

10 1899 12 1904 s
84 1829 121 1884 20
136 1834 272 1902 tempore
288 1829 484 1884 contubernio
498 1827 595 1902 patris
611 1827 723 1884 ibidem
740 1827 900 1895 militabat,
917 1844 1016 1882 annos

1 1914 3 1916 ’
138 1914 227 1964 natus
243 1909 362 1965 circiter
377 1909 495 1980 viginti.
540 1907 625 1979 Quae
645 1925 694 1963 res
716 1907 852 1964 Marium
870 1925 938 1963 oum
959 1925 1015 1980 pro

138 1987 258 2058 honore,
276 2006 365 2063 quem
388 1989 556 2056 affectabat,
573 1993 639 2043 turn
662 1994 768 2044 contra
790 1986 951 2043 Metellum
966 2005 1015 2043 ve-

138 2068 291 2125 hementer
306 2069 492 2126 accenderat.
536 2068 585 2124 lta
607 2068 747 2141 cupidine
768 2073 859 2142 atque
881 2068 935 2137 ira,
950 2085 1017 2143 pes-

138 2149 234 2205 sumis
263 2149 497 2218 consultoribus,
526 2149 676 2222 grassari;
709 2167 806 2222 neque
842 2148 922 2205 facto
951 2147 1015 2204 ullo

85 2229 233 2302 anaeque
271 2229 352 2286 dicto
382 2229 542 2298 abstinere,
575 2229 657 2303 quod
685 2229 776 2285 modo
813 2228 1013 2285 ambitiosum

138 2310 233 2382 f01·et;
256 2309 376 2376 milites
393 2311 502 2384 quibus
525 2309 556 2364 in
580 2309 714 2366 hibernis
736 2315 883 2383 praeerat,
900 2307 1014 2364 laxiore

138 2390 263 2464 imperio
292 2408 384 2464 quam
414 2397 483 2445 ante
513 2389 645 2462 habere;
678 2389 758 2462 apud
793 2389 1011 2464 negotiatores,

138 2488 265 2544 quorum
293 2488 406 2544 magna
433 2470 596 2526 multitudo
619 2468 728 2526 Uticae
757 2475 830 2538 erat,
855 2468 1014 2526 criminose

139 2551 228 2606 simul
243 2556 274 2607 et
287 2549 446 2621 magnifice
461 2551 498 2606 de
513 2549 591 2606 bello
614 2550 694 2624 loqui
709 2571 715 2606 :
738 2549 864 2606 dimidia
879 2567 949 2624 pars
966 2566 1015 2604 ex-

86 2633 122 2686 30
138 2631 249 2687 ercitus
271 2631 298 2687 si
319 2631 376 2687 sibi
398 2630 633 2704 permitteretur,
649 2630 756 2704 paucis
778 2630 885 2686 diebus
900 2629 1015 2702 Jugur·

138 2711 224 2767 tham
239 2712 271 2768 in
286 2711 401 2768 catenis
417 2710 609 2782 habiturum3
625 2710 662 2766 ab
678 2711 860 2784 imperatore
875 2709 1015 2766 consulto

138 2792 226 2861 trahi,
239 2791 318 2866 quod
331 2786 333 2790 ’
344 2791 435 2847 homo
455 2790 556 2846 inanis
575 2795 606 2847 et
621 2791 722 2863 regiae
745 2790 904 2864 superbiae
924 2789 1017 2862 impe-

138 2873 182 2928 rio
204 2872 294 2928 nimis
316 2871 470 2944 gauderet.
514 2871 598 2942 Quae
620 2869 723 2927 onmia
744 2870 805 2926 illis
826 2888 861 2926 eo
883 2869 1016 2924 firmiora

139 2953 329 3021 videbantur,
352 2951 432 3026 quod
461 2951 661 3007 diuturnitate
689 2950 758 3006 belli
781 2968 829 3006 res
851 2949 1017 3006 familiares

86 3035 122 3089 35
139 3037 341 3107 corruperant,
371 3037 402 3088 et
438 3031 538 3088 animo
566 3030 700 3106 cupienti
724 3031 800 3087 nihil
829 3029 905 3086 satis
934 3029 1018 3085 festi-

139 3120 237 3169 natur.

181 3196 225 3250 65.
249 3193 324 3249 Erat
335 3197 494 3266 praeterea
505 3192 536 3247 in
548 3191 681 3248 exercitu
695 3195 799 3247 nostro
811 3189 946 3246 Numida
955 3189 1019 3264 qui-

140 3273 219 3336 dam,
232 3273 353 3328 nomine
367 3271 484 3339 Gauda,
502 3271 724 3327 Mastanabalis
737 3270 823 3336 filine,
835 3269 1018 3326 Masinissae

140 3369 342 3427 neposquem
359 3351 685 3425 Micipsatestamento
698 3350 862 3406 secundum
875 3348 1018 3406 heredem
