2346 3718
376 189 422 236 na
447 189 568 237 annno
593 188 852 236 Jucvsrnmo.
1037 173 1079 236 33

141 351 253 423 parato
268 345 401 402 exercitu
417 347 501 421 legat
511 347 569 404 sibi
580 347 718 404 homines
730 347 856 416 nobiles,
871 346 1024 416 factiosos,

142 444 276 503 quornm
298 426 479 484 auctoritate
502 445 579 502 quae
608 427 788 502 deliquisset
816 425 935 482 munita
963 427 1025 483 fore

142 507 297 582 sperabat.
340 505 378 562 In
400 507 468 581 quis
496 507 555 564 fuit
583 505 724 576 Scaurus,
749 508 834 580 cujus
856 507 893 563 de
916 513 1026 563 natura

142 597 176 644 et
201 586 309 644 habitu
329 604 424 661 snpra
447 587 691 644 memoravimus.
734 586 815 643 Nam
844 587 874 642 in
903 587 1026 644 consule

142 673 252 724 nostro
275 667 388 724 multae
410 667 566 742 bonaeque
588 674 669 724 artes
690 672 721 723 et
736 667 828 723 animi
844 671 875 722 et
890 666 1025 742 corporis
1060 667 1077 724 5

143 754 242 817 erant,
259 765 335 822 quas
357 763 463 804 omnes
484 747 616 804 avaritia
643 746 876 822 praepediebat:
905 746 1026 820 patiens

145 829 294 897 laborum,
317 827 377 884 acri
401 827 532 901 ingenio,
557 827 633 884 satis
655 827 829 902 providem,
846 825 915 882 belli
945 825 1026 883 haud

144 906 933 982 ignarus,firmissumuscontrapericulaetinsidias.
966 906 1026 963 Sed

145 989 283 1060 legiones
305 1005 357 1062 per
378 987 503 1045 Italiam
521 986 676 1061 Rhegium
692 994 782 1062 atque
797 986 865 1043 inde
882 985 1025 1055 Siciliam,

143 1085 235 1144 porro
245 1086 282 1125 ex
293 1067 436 1125 Siciliain
448 1068 585 1127 Africam
596 1074 799 1124 transvectae.
843 1067 946 1140 Igitur
957 1066 1024 1124 Oel—
1040 1067 1080 1132 10,

144 1149 276 1224 peruius
297 1148 392 1218 initio,
408 1149 525 1224 paratis
546 1147 775 1217 commeatibus
793 1146 902 1203 acriter
921 1147 1027 1203 Numi-

144 1228 229 1285 diam
251 1229 408 1302 ingressus
428 1235 483 1299 est,
507 1228 682 1304 multosque
712 1228 857 1285 mortales
878 1233 910 1285 et
932 1227 1023 1284 urbes

144 1309 263 1382 aliquot
277 1309 441 1382 pugnando
456 1309 543 1384 cepit.

148 1380 153 1389 ’
189 1391 233 1446 29.
258 1387 319 1445 Sed
334 1388 385 1444 ubi
403 1388 423 1445 ,J
427 1389 562 1463 ugurtha
584 1405 638 1464 per
652 1389 772 1462 legatos
786 1387 917 1463 pecunia
932 1394 1026 1462 temp

145 1475 213 1526 tare
224 1468 361 1542 bellique,
371 1470 452 1543 quod
468 1469 710 1539 administrabat,
721 1469 916 1543 asperitatem
928 1478 1026 1524 osten·
1041 1469 1077 1526 15

144 1550 217 1607 dere
234 1548 341 1622 coepit,
359 1550 478 1605 animus
494 1567 583 1624 aeger
599 1550 728 1607 avaritia
750 1549 838 1606 facile
855 1565 1022 1604 convorsus

143 1634 201 1686 est.
246 1628 388 1686 Ceterum
418 1631 518 1686 socius
541 1636 573 1686 et
595 1630 776 1687 administer
799 1628 934 1686 omnium
957 1646 1024 1685 con·

144 1709 283 1765 siliorum
296 1709 466 1766 adsumitur
483 1709 623 1780 Scaurus,
635 1711 685 1785 qui
702 1710 826 1768 tametsi
840 1709 1022 1784 aprinoipio,

143 1789 297 1864 plerisque
313 1807 349 1845 ex
364 1789 494 1847 factione
506 1791 570 1862 ejus
580 1790 739 1865 corruptis,
753 1807 907 1847 acerrume
920 1808 1022 1864 regem

143 1871 389 1944 impugnaverat,
406 1876 508 1926 tamen
524 1871 734 1944 magnitudine
750 1871 894 1946 pecuniae
911 1889 929 1926 a
944 1871 1022 1927 bono
1039 1875 1077 1930 20

145 1949 335 2024 honestoque
351 1951 382 2006 in
397 1968 525 2024 pravum
548 1952 721 2008 abstractus
736 1957 790 2009 est.
836 1950 895 2008 Sed
910 1951 1024 2026 Jngur·

144 2028 201 2085 tha
220 2030 352 2103 primum
373 2032 585 2088 tantummodo
608 2032 679 2088 belli
702 2049 819 2088 moram
843 2031 1020 2102 redimebat,

143 2109 337 2166 existumans
360 2127 427 2166 sese
453 2110 566 2185 aliquid
588 2111 709 2169 interim
725 2112 842 2170 Romae
857 2113 954 2186 pretio
970 2118 1023 2169 aut

145 2189 249 2264 gratia
273 2188 457 2247 effecturum,
502 2191 615 2249 Postea
638 2211 708 2250 vero
730 2210 821 2268 quam
843 2191 1021 2268 participem

145 2268 252 2344 negoti
269 2268 417 2326 Scaurum
433 2271 555 2346 accepit,
572 2273 603 2328 in
619 2290 793 2330 maxumam
810 2291 894 2346 spem
909 2272 1020 2330 adduc·
1037 2275 1074 2332 25

143 2356 197 2407 tus
212 2351 433 2422 recuperandae
450 2353 540 2424 pacis,
558 2353 667 2410 statuit
682 2371 750 2409 cum
765 2353 810 2410 eis
825 2353 861 2410 de
881 2353 1022 2410 omnibus

143 2429 338 2506 pactionibus
354 2448 497 2505 praesens
512 2449 610 2506 agere.
656 2433 798 2491 Ceterum
816 2432 931 2489 interea
953 2433 1020 2490 fidei

144 2529 238 2567 causa
261 2511 393 2567 mittitur
412 2513 566 2569 aconsule
590 2511 712 2570 Sextius
728 2522 871 2588 quaestor
886 2513 917 2570 in
941 2515 1022 2590 oppi-

145 2592 218 2648 dum
234 2590 409 2664 Jngnrthae
425 2591 565 2666 Vagam,
587 2595 673 2666 cujus
695 2592 737 2648 rei
759 2593 873 2669 species
895 2601 962 2650 erat
976 2613 1021 2652 ac-

144 2671 245 2746 ceptio
273 2670 425 2741 frumenti,
455 2672 536 2746 quod
567 2672 750 2748 Calpurnius
780 2674 880 2748 palam
909 2673 1021 2748 legatis
1036 2679 1074 2734 30

144 2752 358 2826 imperaverat,
374 2753 518 2826 quoniam
534 2753 697 2810 deditionis
713 2770 796 2809 mora
810 2753 945 2811 indutiae
959 2756 1022 2829 agi-

144 2832 297 2888 tabantur.
340 2831 441 2904 Igitur
468 2849 529 2901 rex,
550 2833 594 2889 uti
623 2833 832 2902 constituerat,
861 2834 893 2890 in
920 2841 1021 2891 castra

146 2912 230 2968 venit
245 2927 279 2966 ac
294 2928 391 2983 pauca
405 2913 557 2985 praesenti
572 2913 700 2969 consilio
715 2913 834 2970 locutus
850 2914 887 2970 de
902 2913 1020 2971 invidia

146 2991 218 3048 facti
234 2991 289 3059 sui,
302 2997 393 3065 atque
405 2993 449 3047 uti
466 2991 496 3047 in
506 2992 692 3049 deditionem
702 2993 895 3066 acciperetur,
903 2994 1020 3069 reliqua

146 3089 215 3127 oum
230 3071 337 3127 Bestia
351 3079 381 3126 et
396 3070 509 3128 Scauro
532 3078 648 3129 secreta
662 3073 815 3146 transigit.
859 3073 937 3130 Dein
952 3092 1020 3148 pos·
1035 3077 1072 3134 35

145 3157 209 3208 tero
231 3150 287 3219 die,
304 3151 391 3225 quasi
406 3169 460 3226 per
474 3159 609 3208 saturam
632 3153 794 3208 sententiis
808 3153 976 3227 exquisitis,
988 3156 1020 3212 in

145 3231 329 3289 deditionem
346 3231 498 3303 accipitur.
544 3231 603 3289 Sed
621 3231 666 3288 uti
682 3249 736 3307 pro
751 3232 877 3289 consilio
892 3233 1020 3309 impera·

144 3317 210 3370 tum
225 3318 299 3380 erat,
312 3310 465 3386 elephanti
482 3311 618 3385 triginta,
632 3329 724 3387 pecus
740 3317 831 3385 atque
845 3313 915 3386 equi
930 3315 1019 3370 multi

144 3410 212 3450 cum
242 3408 336 3516 psarlvo
362 3392 481 3465 argenti
509 3391 641 3466 pondere
670 3391 824 3466 quaestori
848 3392 1018 3460 traduntur,

231 3475 245 3521 3
278 3485 310 3516 a.
