2322 3718
108 167 171 232 110
204 166 208 171 ’
390 180 419 227 c.
436 179 618 227 sunnosrr
642 179 759 227 oarsrr

161 337 245 408 licae,
267 355 358 412 quam
381 345 489 411 postea
512 339 653 414 scriptam
678 339 781 397 edidit.
827 339 888 399 Sed
912 340 964 397 nbi
988 339 1034 397 ille

164 418 292 488 adsedit,
310 416 451 487 Catilina,
467 425 502 474 ut
521 428 587 475 erat
610 428 736 494 paratus
759 420 796 476 ad
818 420 1036 477 dissimulanda

163 499 273 567 omnia,
304 497 436 554 demisso
459 499 552 567 voltu,
577 517 649 556 voce
679 499 809 574 supplici
836 501 993 575 postulare
1020 519 1037 557 a

163 580 302 657 patribus
318 579 425 653 coepit,
443 596 479 634 ne
495 579 567 654 quid
583 579 619 636 de
635 596 666 635 se
681 589 793 636 temere
809 581 983 654 crederent3
1003 599 1038 636 ea

131 660 280 731 stamina
302 664 410 728 ortum,
428 668 470 714 ra
494 677 525 715 se
549 659 587 715 ab
608 659 814 718 adolescentia
835 660 933 718 vitam
956 661 1038 731 insti-

82 754 111 797 ”l
115 721 320 810 auisset
286 748 320 797 ut
341 738 443 796 omnia
466 739 572 796 bona'
564 757 595 796 ιιι
617 739 819 815 ερθιιαὶιοικθι
864 741 913 798 Ne
928 747 1039 798 exis

96 832 105 848 ⁹
164 829 290 892 merent,
270 821 389 890 tsibi,
413 821 540 895 patricio
567 818 691 890 homini,
715 822 800 895 cujus
824 821 967 896 ipsiusa
969 829 1038 896 tque

164 906 311 979 majorum
338 903 480 977 pluruma
505 899 678 958 beneficia
670 917 702 956 ιιι
722 903 840 975 plebem
864 902 1038 960 Romanam

163 992 273 1054 essent,
285 984 402 1059 perdita
414 1000 445 1038 re
460 981 579 1058 publica
595 999 670 1056 opus
684 999 760 1052 esse,
773 1000 842 1040 cum
856 1000 924 1040 eam
940 1000 1040 1040 serva

113 1069 148 1128 10
164 1072 210 1122 ret
225 1066 267 1122 M.
285 1065 412 1133 Tullius,
430 1063 596 1140 inquilinus
619 1062 695 1119 civis
718 1064 801 1120 urbis
817 1063 943 1122 Romae.
988 1064 1039 1121 Ad

164 1146 219 1204 hoe
235 1146 397 1204 maledicta
418 1146 479 1202 alia
493 1162 561 1202 cum
577 1144 711 1213 adderet,
728 1144 900 1218 obstrepere
924 1161 1038 1213 omnes,

164 1225 281 1284 hostem
310 1233 399 1302 atque
426 1226 609 1301 parricidam
630 1241 747 1282 vocare.
791 1224 870 1281 Tum
893 1224 944 1282 ille
971 1225 1042 1282 furi·

163 1307 292 1376 bundus,
317 1307 493 1380 “Quoniam
514 1307 636 1382 quidem
659 1305 913 1374 circumventus,’'
932 1305 1039 1381 inquit,

163 1389 226 1444 “ab
239 1387 369 1444 inimicis
381 1405 525 1463 praeceps
541 1405 622 1462 agor,
638 1387 813 1444 incendium
830 1403 932 1444 meum
951 1387 1043 1445 ruina

111 1469 148 1527 15
162 1468 379 1544 restinguam.''

204 1553 249 1608 32.
273 1548 391 1608 Deinde
421 1566 452 1606 se
472 1566 510 1606 ex
538 1549 621 1607 curia
643 1549 767 1607 domum
787 1548 947 1624 proripuit.
990 1548 1043 1606 Ibi

163 1630 259 1686 multa
275 1631 340 1705 ipse
356 1647 456 1687 secum
475 1629 609 1701 volvens,
620 1631 702 1706 quod
716 1647 813 1706 neque
829 1629 956 1686 insidiae
972 1647 1044 1686 con-

162 1710 221 1768 suli
240 1710 444 1784 procedebant
457 1716 489 1768 et
505 1711 542 1767 ab
562 1711 701 1770 incendio
726 1711 918 1785 intelligebat
933 1709 1042 1767 urbem

162 1790 276 1866 vigiliis
290 1791 448 1861 munitam,
462 1798 620 1865 optumum
636 1793 719 1849 factu
731 1792 856 1849 credens
870 1791 1041 1848 exercitum

110 1873 147 1930 20
163 1889 281 1946 augere,
299 1891 334 1929 ac
348 1873 432 1946 prius
448 1890 539 1947 quam
561 1873 698 1948 legiones
714 1870 925 1943 scriberentur,
942 1873 1043 1930 multa

162 1959 349 2026 antecapere,
363 1971 439 2028 quae
451 1953 529 2009 bello
545 1953 613 2010 usui
628 1953 735 2024 forent,
752 1959 839 2010 noete
855 1953 1043 2028 intempesta

162 2051 228 2090 cum
250 2033 355 2107 paucis
370 2035 400 2089 in
418 2033 577 2090 Manliana
592 2040 692 2092 castra
708 2035 864 2110 profectus
878 2042 933 2093 est.
978 2033 1042 2092 Sed

163 2113 300 2187 Cethego
322 2121 413 2188 atque
435 2113 567 2172 Lentulo
589 2116 764 2190 ceterisque,
781 2133 909 2190 quorum
931 2133 1044 2190 cogno-

162 2201 247 2251 verat
267 2200 439 2270 promptam
463 2195 629 2268 audaciam,
654 2197 788 2266 mandat,
814 2197 925 2272 quibus
947 2196 1042 2254 rebus

109 2275 145 2332 25
161 2281 286 2350 possent
308 2293 380 2350 opes
402 2275 542 2332 factionis
564 2276 749 2347 confirment,
771 2278 900 2335 insidias
922 2277 1042 2335 consuli

162 2361 322 2425 maturent,
343 2357 473 2425 caedem,
492 2357 632 2415 incendia
660 2358 779 2433 aliaque
806 2358 877 2415 belli
904 2359 1043 2416 facinora

161 2443 287 2510 parent;
309 2455 375 2494 sese
391 2437 564 2513 propediem
576 2456 644 2495 cum
661 2457 773 2514 magno
790 2439 923 2497 exercitu
939 2438 978 2496 ad
993 2457 1042 2495 ur-

161 2517 229 2573 bem
253 2535 453 2575 accessurum.
498 2518 580 2575 Dum
606 2519 680 2577 haec
697 2520 813 2577 Romae
830 2526 985 2594 geruntur,
1003 2519 1040 2578 O.

161 2596 295 2654 Manlius
305 2616 341 2654 ex
354 2617 409 2655 suo
422 2616 546 2656 numero
562 2600 681 2675 legatos
698 2602 736 2658 ad
753 2601 903 2658 Marcium
919 2599 1041 2674 Regem

108 2680 146 2735 30
161 2678 257 2735 mittit
276 2697 343 2735 eum
363 2679 518 2737 mandatis
543 2679 665 2755 hujusce
686 2681 775 2739 modi.

201 2761 247 2816 33.
271 2760 379 2817 “Deos
401 2759 599 2836 hominesque
620 2767 777 2832 testamur,
793 2761 966 2836 imperator,
982 2777 1041 2817 nos

162 2855 246 2894 arma
261 2857 357 2914 neque
365 2849 470 2898 contra
479 2842 610 2917 patriam
622 2843 746 2918 cepisse,
754 2859 851 2918 neque
859 2859 918 2916 quo
925 2841 1042 2916 pericu·

161 2918 222 2975 lum
234 2920 302 2976 aliis
312 2921 486 2990 faceremus,
499 2923 552 2979 sed
562 2922 608 2979 uti
618 2940 744 2998 corpora
759 2928 863 2980 nostra
879 2922 916 2978 ab
930 2921 1041 2994 injuria

160 2998 332 3056 tutaforent
335 3002 400 3074 ,qui
412 3003 515 3059 miseri
519 3008 668 3076 „egentes
677 3003 924 3076 violentiaatque
936 3002 1041 3059 crude-

109 3077 246 3134 solitariae
262 3078 377 3136 fenerat
365 3087 465 3137 torum
480 3082 616 3156 plerique
631 3083 756 3156 patriae,
766 3083 818 3139 sed
834 3099 939 3139 omues
956 3082 1041 3140 fania

162 3163 253 3230 atque
268 3159 398 3216 fortunis
413 3169 551 3234 expertes
569 3179 689 3218 sumus·
683 3181 804 3237 ,neque
820 3163 961 3254 cuiquam
972 3180 1042 3220 nos-

161 3243 242 3291 trum
254 3236 341 3295 licuit
356 3258 438 3296 more
452 3242 510 3312 maj
514 3259 598 3297 orum
612 3205 694 3316 lege!
687 3243 730 3300 uti
733 3261 849 3317 ,neque
863 3243 976 3300 amisso
989 3261 1042 3318 pa·

161 3314 303 3372 trrmomo
311 3318 439 3375 liberum
450 3337 560 3410 corpus
574 3319 633 3376 hab
694 3329 790 3395 ,tant
792 3323 950 3380 asaevitia
960 3323 1043 3380 fene

162 3399 297 3451 ratorum
306 3397 550 3472 atquepraetorrs
559 3399 623 3456 furt
655 3365 890 3476 Saepemajorei
899 3410 1043 3462 nostrum
