2346 3718
377 179 424 226 ns
449 179 570 251 nupto
595 177 855 225 onenarsnvo.
974 246 976 256 ,
1038 163 1079 230 75

146 359 220 398 mox
236 339 346 397 effusos
368 336 472 395 hostes
492 337 599 396 invadi
620 354 730 411 posse;
754 337 918 407 Romanos,
935 339 1025 395 sicuti

146 422 315 498 plerosque,
330 425 447 475 remoto
468 425 551 476 metu
566 418 665 474 laxius
680 416 882 493 licentiusque
897 419 1023 476 futuros.

190 505 236 558 88.
260 499 405 557 Metellus
434 499 550 555 interea
579 500 711 556 Romam
739 498 892 571 profectus
920 507 1025 556 contra

148 599 235 656 spem
257 595 342 637 suam
365 579 552 636 laetissumis
573 579 682 635 animis
705 579 860 653 excipitur,
876 580 957 655 plebi
976 599 1027 655 pa-

148 663 315 736 tribusque,
323 667 483 736 postquam
497 659 614 716 invidia
629 661 810 729 decesserat,
825 662 911 735 juxta
928 679 1024 719 carus
1061 667 1078 723 5

151 743 212 801 Sed
228 742 345 798 Marius
366 739 494 814 impigre
518 740 740 816 prudenterque
764 758 888 798 suorum
913 748 945 799 et
959 741 1027 799 hos-

148 824 225 880 tium
251 841 299 880 res
320 821 434 897 pariter
461 821 635 895 attendere3
657 839 839 895 cognoscere
861 823 933 898 qnid
955 823 1027 879 boni

148 905 287 978 utrisque
307 910 361 959 aut
379 907 485 959 contra
504 910 594 973 esset,
611 903 769 976 explorare
784 903 895 961 itinera
909 921 1025 978 regum,

148 984 277 1042 consilia
290 989 322 1041 et
341 983 470 1040 insidias
483 1001 588 1040 eorum
609 983 792 1054 antevenire,
808 983 884 1040 nihil
899 984 979 1059 apud
994 1001 1026 1040 se

147 1065 309 1122 remissum
330 1082 426 1140 neque
449 1063 529 1140 apud
551 1063 618 1121 illos
637 1069 739 1120 tutum
757 1064 828 1140 pati.
873 1064 981 1140 Itaque
996 1072 1027 1120 ct
1044 1068 1080 1123 10

149 1146 299 1206 Gaetulos
318 1151 350 1202 et
370 1145 390 1203 J
394 1144 560 1220 ugurtham
581 1162 620 1202 ex
641 1145 732 1202 sociis
760 1145 874 1202 nostris
897 1145 1026 1219 praedas

148 1233 277 1302 agentes
302 1243 391 1300 saepe
406 1243 572 1302 aggressus
594 1227 624 1282 in
646 1225 753 1283 itinere
772 1225 900 1295 fuderat,
916 1226 1028 1301 ipsum-

148 1326 207 1384 que
222 1326 324 1382 regcm
340 1306 422 1364 hand
436 1306 539 1382 procul
555 1307 592 1364 ab
607 1307 718 1382 oppido
734 1306 818 1364 Cirta
834 1306 926 1363 armis
940 1323 1028 1363 exue-

148 1393 204 1446 rat.
249 1389 334 1461 Quae
353 1394 514 1463 postquam
532 1387 664 1461 gloriosa
682 1387 772 1444 modo
783 1404 880 1462 neque
895 1387 966 1443 belli
978 1404 1028 1462 pa-

149 1467 254 1525 trandi
275 1468 429 1542 cognovit,
446 1469 555 1524 statuit
576 1468 674 1538 urbeS,
692 1485 769 1543 quao
790 1467 864 1524 viris
886 1473 939 1524 aut
960 1467 1026 1524 loco
1043 1469 1078 1526 15

149 1566 205 1624 pro
221 1549 362 1606 hostibus
371 1553 402 1605 et
417 1548 581 1605 advorsum
592 1565 624 1604 sc
634 1548 921 1622 opportunissumae
930 1553 1026 1616 erant,

150 1629 291 1704 singulas
311 1628 543 1686 circumvenire:
566 1628 611 1686 ita
625 1627 813 1703 Jugurtham
838 1633 891 1685 ant
913 1629 1028 1703 praesi-

150 1709 211 1766 diis
233 1709 390 1778 nudatum‚
406 1708 433 1764 si
455 1725 492 1764 ea
510 1714 674 1784 pateretur,
690 1715 744 1766 aut
764 1709 879 1784 proelio
899 1715 1027 1766 certatu-

150 1807 226 1847 rum.
270 1789 350 1846 Nam
362 1787 503 1845 Bocchus
517 1790 641 1846 nuntios
657 1788 774 1846 adeum
787 1807 877 1864 saepe
892 1790 1025 1858 miserat,

151 1870 229 1926 velle
251 1869 354 1945 populi
369 1869 501 1926 Romani
517 1869 696 1943 amicitiam3
718 1888 755 1926 ne
771 1870 844 1944 quid
859 1869 897 1926 ab
912 1887 944 1926 se
960 1869 1028 1927 hos·
1042 1869 1079 1925 20

150 1949 204 2008 tile
216 1950 345 2007 timeret.
387 1949 424 2008 Id
440 1949 678 2022 simulaveritne,
691 1969 750 2024 quo
766 1950 946 2024 improvisus
962 1968 1028 2024 gra-

151 2031 220 2087 vior
241 2031 400 2099 accideret,
424 2049 463 2087 an
484 2030 653 2088 mobilitate
682 2030 788 2104 ingeni
809 2049 914 2106 pacem
937 2037 1026 2105 atque

151 2111 264 2186 bellum
281 2116 399 2166 mutare
414 2111 532 2181 solitus,
548 2129 656 2186 parurn
670 2111 860 2186 exploratum
875 2117 929 2168 est.

194 2194 239 2249 89.
264 2190 323 2248 Sed
346 2190 461 2260 consul,
477 2192 523 2248 uti
539 2197 698 2261 statuerat,
714 2191 828 2266 oppida
843 2189 1026 2264 castellaque

151 2270 270 2328 munita
290 2271 380 2341 adire,
396 2271 509 2345 partim
524 2272 565 2340 vi,
583 2271 642 2328 alia
661 2277 745 2328 metu
765 2277 818 2328 ant
832 2272 968 2346 praemia
983 2289 1028 2327 os
1043 2269 1079 2324 25

150 2352 300 2409 tantando
310 2357 448 2408 avortere
459 2352 497 2408 ab
508 2351 656 2408 hostibus.
700 2351 747 2409 Ac
758 2351 856 2426 primo
866 2351 1028 2408 mediocria

151 2431 286 2506 gerebat,
306 2432 496 2488 existumans
515 2432 535 2490 J
539 2431 703 2506 ugurtham
725 2432 763 2488 ob
787 2449 859 2488 suos
881 2432 1027 2489 tutandos

151 2513 185 2569 in
208 2529 317 2569 manus
332 2517 503 2570 venturum.
548 2511 609 2570 Sed
624 2513 677 2569 ubi
691 2513 777 2569 illum
794 2513 899 2569 abesse
914 2521 945 2569 et
960 2512 1027 2568 aliis

152 2593 286 2666 negotiis
306 2592 458 2649 intentum
476 2593 600 2667 accepit,
617 2595 732 2667 majora
751 2598 782 2650 et
800 2594 901 2668 magis
922 2610 1029 2668 aspera

152 2672 280 2748 aggredi
294 2678 416 2747 tempus
431 2673 530 2730 visum
546 2680 600 2731 est.
645 2673 722 2730 Flrat
735 2674 813 2730 inter
828 2674 969 2748 ingentes
984 2691 1030 2730 so·
1044 2670 1081 2725 30

152 2753 297 2810 litudines
322 2753 467 2828 oppidum
491 2772 636 2828 magnum
663 2761 753 2828 atque
776 2754 892 2825 valenS,
909 2753 1027 2810 nomine

154 2833 265 2909 Oapsa,
278 2835 362 2907 cujus
374 2835 511 2891 conditor
525 2833 673 2891 Hercules
684 2834 782 2909 Libys
792 2834 1026 2891 memorabatur.

153 2915 229 2988 Ejus
244 2913 327 2972 cives
342 2914 423 2988 apud
437 2915 457 2973 J
461 2915 625 2988 ugurtham
640 2916 799 2984 immunes,
815 2914 875 2971 levi
890 2913 1026 2990 imperio,

152 3002 185 3052 et
206 2995 244 3051 ob
265 3012 301 3050 ea
319 2993 497 3052 fidelissumi
517 2995 716 3066 habebantur,
733 2996 843 3053 muniti
866 2995 1028 3052 advorsum

153 3075 259 3132 hostes
273 3092 334 3132 non
349 3077 508 3133 moenibus
524 3078 613 3134 modo
628 3083 659 3134 et
675 3079 765 3134 armis
781 3083 870 3152 atquc
886 3075 968 3143 viris,
981 3093 1030 3131 ve·
1043 3071 1081 3127 35

153 3173 221 3212 rum
240 3156 332 3212 etiam
347 3157 444 3214 multo
459 3158 560 3232 magis
575 3157 709 3216 locorum
730 3157 902 3232 asperitate.
946 3153 1027 3211 Nam

152 3243 273 3312 praeter
288 3238 398 3313 oppido
412 3239 590 3314 propinqua,
608 3239 667 3295 alia
682 3239 782 3296 omnia
797 3243 895 3305 vasta,
906 3235 1026 3303 inculta,

153 3319 276 3392 egentia
286 3337 390 3394 aquae,
400 3319 512 3375 infesta
522 3319 722 3392 serpentibus,
734 3335 863 3391 quarum
873 3316 934 3384 viss
949 3367 951 3370 .
974 3315 1028 3370 ¹sti

153 3399 291 3455 omnium
306 3400 445 3469 fera'rum,
461 3397 566 3471 inopia
580 3398 638 3454 cibi
654 3397 768 3468 acrior3
791 3394 829 3451 ad
845 3393 901 3451 hoc
920 3399 1029 3449 natura
