2346 3718
387 157 416 204 o.
434 141 616 202 sanatam
642 156 764 203 oarsru

205 315 251 373 40.
275 315 402 371 Interim
416 313 575 371 RomaeC.
586 313 743 370 Mamilius
755 314 934 374 Limetanus
950 319 1048 377 tribu-

165 414 222 453 nus
244 395 340 470 plebis
362 396 553 467 rogationem
574 394 612 450 ad
630 394 775 468 populum
797 398 980 472 promulgat,
998 401 1047 457 uti

164 483 359 551 quaereretur
377 475 407 530 in
427 491 487 542 eoa,
499 491 629 548 quorum
640 475 765 530 consilio
775 474 796 532 ,J
801 477 934 549 ugurtha
944 482 1047 536 senati

166 558 287 613 decreta
297 555 489 628 neglegisset,
502 554 612 628 quique
629 554 710 611 abeo
726 555 757 611 in
772 556 976 629 legationibus
991 567 1047 616 aut

133 639 150 694 5
166 635 300 709 imperiis
314 635 459 710 pecunias
469 635 666 708 accepissent,
678 635 729 709 qui
740 636 920 710 elephantos
931 640 1046 714 quique

165 717 310 791 perfugas
321 715 525 783 tradidissent,
537 715 610 770 item
620 716 670 790 qui
683 716 719 772 de
735 735 807 790 pace
820 724 874 774 aut
884 718 963 776 bello
974 737 1046 776 cunr

166 796 306 854 hostibus
317 795 474 871 pactiones
484 794 632 852 fecissent.
677 795 759 852 Huic
769 798 1045 875 rogationipartirn

166 877 278 934 conscii
301 877 367 944 sibi,
384 875 434 931 alii
455 877 643 950 expertium
663 876 779 934 invidia
798 879 934 952 pericula
949 888 1047 937 metu-

166 964 260 1026 entes
277 956 421 1032 quoniam
442 966 545 1030 aperte
561 957 701 1013 resistere
723 975 783 1013 nou
803 965 952 1033 poterant,
969 962 1046 1036 quin

114 1039 151 1096 lo
167 1039 219 1095 illa
234 1044 264 1095 et
280 1038 339 1094 alia
353 1037 428 1094 talia
448 1037 566 1112 placere
582 1037 641 1094 sibi
662 1038 837 1110 faterentur,
854 1041 971 1097 occulte
989 1059 1047 1114 per

166 1120 280 1177 amicos
302 1138 335 1176 ac
353 1137 494 1175 maxume
513 1137 566 1194 per
581 1117 719 1176 homines
740 1121 871 1176 nominis
888 1121 991 1178 Latini
1014 1129 1047 1179 et

165 1201 264 1257 socios
280 1200 403 1258 Italicos
419 1200 636 1273 impedimenta
658 1201 815 1276 parabant.
860 1201 920 1258 Sed
940 1202 1047 1277 plebes

165 1281 339 1339 incredibile
355 1286 523 1336 memoratu
539 1286 586 1336 est
601 1299 692 1356 quam
707 1281 826 1338 intenta
840 1282 939 1350 luerit,
951 1301 1048 1357 quan-

165 1369 258 1439 taque
269 1364 297 1418 vi
309 1362 497 1434 rogationem
508 1363 651 1435 jusserit3
673 1364 772 1436 magis
782 1363 851 1421 odio
862 1363 1045 1434 nobilitatis,

113 1444 149 1500 15
165 1445 213 1501 eui
236 1444 316 1500 mala
337 1442 390 1498 illa
410 1442 603 1517 parabantur,
621 1461 711 1517 quam
727 1461 799 1499 cura
819 1443 862 1499 rei
885 1444 1045 1518 publicae:

167 1531 254 1582 tanta
276 1523 378 1580 lubido
398 1523 430 1578 in
445 1523 585 1597 partibus
599 1530 672 1580 erat.
715 1524 817 1598 igitur
831 1525 939 1581 ceteris
960 1532 1046 1582 metu

165 1605 311 1680 perculsis
335 1602 375 1659 M.
390 1602 631 1678 Scaurus,quem
653 1603 789 1678 legatum
811 1605 932 1661 Bestiae
948 1605 1046 1662 fuisse

166 1703 258 1759 supra
279 1684 446 1752 docuimus
469 1684 547 1740 inter
576 1684 726 1740 laetitiam
749 1685 847 1759 plebis
867 1695 898 1742 et
920 1703 1046 1742 suorum

165 1766 278 1840 fugam,
294 1765 413 1840 trepida
428 1765 598 1820 etiamtum
613 1765 749 1834 civitate,
766 1783 834 1821 cum
849 1783 887 1820 ex
903 1764 1047 1823 Mamilia

112 1847 322 1920 abrogatione
344 1853 404 1902 tres
420 1845 610 1918 quaesitores
629 1851 817 1919 rogarentur,
834 1845 980 1914 effecerat,
997 1848 1047 1904 uti

166 1927 230 2001 ipse
246 1927 327 1983 ineo
343 1943 468 1982 numero
482 1931 644 1983 crearetur.
690 1924 750 1982 Sed
762 1926 901 1999 quaestio
911 1927 1047 1985 exercita

165 2025 271 2081 aspere
293 2007 501 2079 violenterque
523 2024 561 2062 cx
581 2023 701 2062 rumore
723 2011 754 2062 et
775 2005 910 2062 lubidine
937 2007 1044 2081 plebis.

166 2087 210 2144 Ut
225 2105 316 2161 saepe
338 2087 536 2154 nobilitatem,
554 2086 597 2143 sic
618 2105 655 2143 ea
671 2091 853 2161 tempestate
871 2087 990 2161 plebem
1006 2107 1048 2146 ex

165 2169 306 2225 secundis
321 2167 411 2223 rebus
427 2165 589 2222 insolentia
604 2173 731 2240 ceperat.

111 2249 148 2306 25
206 2251 251 2305 ll.
269 2248 409 2307 Ceterum
432 2264 497 2302 mos
518 2247 651 2321 partium
667 2245 859 2322 popularium
871 2251 903 2303 et
917 2253 1047 2305 senatus

164 2329 330 2386 factionum
344 2347 377 2385 ac
389 2327 642 2384 deindeomnium
654 2328 801 2383 malarum
812 2327 923 2383 artium
937 2329 1048 2402 paucis

166 2418 235 2466 ante
252 2410 338 2466 anuis
355 2409 473 2465 Rornae
494 2414 578 2463 ortus
598 2413 646 2464 cst
665 2407 726 2463 otio
742 2414 831 2481 atque
855 2408 1048 2466 abundantia

164 2487 855 2561 earumrerum,quaeprimamortalesducunt.
883 2487 1047 2546 Namaute

166 2570 387 2643 Carthaginem
403 2567 534 2624 deletam
548 2568 679 2642 populus
694 2572 726 2624 ct
739 2575 866 2624 senatus
881 2567 1047 2626 Romanus

111 2651 148 2705 30
163 2650 280 2725 placide
302 2650 498 2722 modesteque
520 2647 600 2704 inter
621 2666 653 2704 se
671 2666 734 2704 rem
758 2648 911 2722 publicam
934 2654 1048 2706 tracta-

165 2731 246 2801 bant,
269 2749 365 2804 neque
388 2729 503 2803 gloriae
524 2745 622 2802 neque
645 2728 862 2785 dominationis
889 2734 1047 2787 certamen

163 2811 333 2868 intercivcs
347 2816 430 2867 erat:
453 2814 553 2865 metus
570 2809 689 2865 hostilis
706 2809 736 2864 in
746 2809 833 2864 bonis
845 2809 962 2865 artibus
972 2811 1048 2866 civi-

165 2898 262 2948 tatem
276 2891 434 2948 retinebat.
477 2889 537 2946 Sed
553 2889 605 2945 ubi
621 2889 673 2944 illa
684 2889 812 2963 formido
827 2889 980 2946 mentibus
995 2889 1048 2946 de-

163 2972 264 3041 cessit,
280 2972 395 3028 scilicet
409 2990 454 3041 ea,
466 2989 544 3045 quae
560 2987 608 3025 res
623 2970 773 3026 secundae
785 2974 899 3040 amant,
916 2969 1048 3027 lascivia

109 3054 148 3109 35
166 3060 256 3128 atque
285 3053 427 3128 superbia
455 3052 613 3107 incessere.
657 3049 707 3105 lta
731 3049 813 3124 quod
842 3050 874 3106 in
903 3050 1047 3108 advorsis

164 3135 254 3190 rebus
264 3137 447 3208 optaverant
458 3132 734 3205 otium,postquam
747 3129 849 3203 adepti
866 3139 945 3198 suut,
957 3147 1048 3203 aspe-

164 3215 226 3270 rius
255 3214 450 3286 acerbiusque
479 3211 543 3266 fuit.
586 3209 725 3283 Namque
747 3227 870 3284 coepere
899 3210 1047 3270 nobilitas

164 3293 360 3365 dignitatem,
374 3291 504 3366 populus
515 3290 688 3345 libertatem
697 3290 728 3344 in
739 3289 905 3346 lubidinem
914 3297 1046 3359 vortere,

165 3373 223 3430 sibi
238 3374 367 3448 quisque
389 3371 504 3439 ducere,
521 3369 650 3437 trahere,
667 3386 778 3444 rapere.
822 3369 873 3426 Ita
887 3371 990 3428 omnia
1011 3372 1049 3431 in
