2322 3718
283 154 330 201 nn
355 153 647 203 contusarrouu
672 152 889 202 cummunio.
991 139 1053 202 113

117 331 250 374 suarum
271 331 372 371 rerum
393 313 503 370 mutari
526 313 629 370 omnia
649 312 783 383 student,
795 299 894 370 turba
907 317 1000 388 atque

81 415 85 420 ·
118 394 288 453 seditionib
347 393 372 450 si
397 411 413 450 c
434 410 506 450 cura
534 391 678 466 aluntur;
706 392 850 467 quoniam
877 400 1001 468 egestas

119 476 211 532 facile
257 492 275 530 a
297 491 312 530 e
329 489 365 529 ur
383 472 447 530 sine
463 472 582 530 damno.
627 471 686 530 Sed
701 473 818 529 urbana
836 472 948 548 plebea,
964 489 1001 529 ea

119 572 196 612 vero
211 558 430 629 praesepserat
440 552 477 609 de
492 552 596 609 multis
606 553 714 610 causis.
758 551 898 610 Primum
908 551 1001 609 omni-

118 653 185 705 um,
202 633 254 708 qui
277 632 386 708 ubique
408 632 516 706 probro
542 639 632 706 atque
661 631 830 708 petulantia
857 650 999 690 maxume
1034 632 1052 689 5

117 714 330 790 praestabant,
346 713 419 769 item
441 712 493 770 alii
507 712 558 786 qui
579 729 633 786 per
646 713 794 770 dedecora
808 713 1001 790 patrimoniis

120 795 256 863 amissis,
272 799 425 867 postremo
441 808 554 861 omnes,
564 809 641 866 quos
651 791 801 868 flagitium
814 799 868 851 au't
883 793 1001 850 facinus

119 875 215 931 domo
236 873 402 948 expulerat,
419 871 450 928 hi
470 873 602 930 Romam
622 872 701 930 sicut
720 868 751 929 in
765 873 917 930 sentinam
932 891 1000 930 cou-

119 953 281 1011 fluxerant.
314 952 999 1023 DeindemultimemoresSullanaeviotoriac,

120 1034 207 1107 quod
216 1051 254 1090 ex
267 1033 418 1107 gregariis
428 1033 579 1089 militibus
592 1032 667 1090 alios
679 1040 834 1090 senatores
846 1033 998 1104 videbant,
1016 1029 1053 1087 10

120 1113 203 1170 alios
218 1114 261 1170 ita
275 1113 396 1183 divites,
412 1117 447 1169 ut
460 1113 545 1186 regio
561 1113 644 1169 victu
659 1118 749 1189 atqua
769 1114 852 1171 cultu
867 1119 999 1171 aetatem

121 1198 260 1268 agerent,
276 1193 335 1250 sibi
350 1193 486 1268 quisque,
503 1193 529 1248 si
549 1191 581 1248 in
601 1193 694 1250 armis
714 1193 799 1264 foret,
820 1211 859 1250 ex
872 1193 1000 1250 victoria

119 1273 202 1330 talia
226 1273 378 1348 sperabat.
421 1271 586 1329 Praeterea
605 1273 761 1346 juveutua,
777 1291 855 1348 quae
870 1273 902 1330 in
917 1273 1000 1346 agris

119 1371 270 1410 manuum
280 1353 417 1411 mercede
427 1352 761 1427 inopiamtoleraverat‚
770 1352 900 1428 privatis
909 1358 999 1427 atque

118 1433 253 1509 publicis
278 1433 482 1508 largtionibus
492 1432 592 1489 excita
601 1433 754 1490 urbanum
772 1433 867 1490 otium
878 1433 999 1506 ingrato
1014 1429 1051 1488 15

120 1513 222 1570 labori
241 1513 449 1590 praetulerat·
471 1529 524 1569 eos
546 1519 637 1588 atquc
659 1512 735 1571 alios
757 1530 862 1570 omnes
883 1512 998 1570 malum

120 1594 278 1670 publicum
293 1593 424 1650 alebatv
476 1589 514 1649 uo
530 1593 632 1650 minus
647 1593 820 1650 mirandum
841 1598 889 1650 est
904 1592 1000 1650 homi·

122 1691 180 1730 nes
201 1679 333 1748 egentcS,
349 1673 439 1730 malis
460 1673 604 1753 moribus,
620 1690 764 1730 maxuma
786 1690 847 1748 spe,
863 1673 906 1730 rei
927 1673 1000 1749 pub·

122 1753 200 1810 licae
211 1755 298 1827 juxta
313 1771 347 1810 ac
368 1753 428 1810 sibi
448 1752 645 1810 consuluisse.
689 1752 852 1811 Praeterea
873 1771 1000 1829 quorum

123 1833 253 1890 victoria
269 1832 371 1890 Sullae
386 1837 527 1909 parentes
542 1832 712 1908 proscripti,
728 1834 808 1890 bona
822 1839 936 1908 erepta,
945 1835 998 1908 jus
1015 1834 1052 1890 20

123 1914 276 1970 libertatis
296 1913 489 1970 imminutum
511 1917 585 1980 erat,
609 1912 690 1970 haud
713 1930 785 1970 sane
815 1914 874 1970 alio
897 1913 998 1970 animo

123 1993 194 2050 belli
223 2011 277 2050 eve
300 1998 365 2050 tum
394 1993 620 2067 exspectabant.
662 1992 715 2049 Ad
739 1991 797 2049 hoc
819 1992 999 2067 quicumque

124 2073 251 2130 aliarum
276 2011 374 2147 didit&
398 2077 523 2129 senatus
549 2072 684 2146 partium
711 2078 805 2143 erant,
826 2073 1000 2129 conturbari

123 2153 361 2227 rempublicam
384 2170 475 2228 quam
497 2151 599 2208 minus
622 2152 723 2210 valere
745 2153 806 2226 ipsi
833 2152 997 2209 malebant.

124 2234 164 2290 Id
186 2233 259 2289 adeo
288 2233 403 2290 malum
431 2233 544 2290 multos
572 2237 644 2308 post
665 2249 761 2290 annos
789 2232 821 2289 in
842 2232 999 2290 civitatem
1015 2234 1051 2290 25

122 2318 300 2371 reverterat.

166 2397 212 2450 38.
233 2392 263 2449 N
267 2411 316 2450 am
343 2397 504 2467 postquam
529 2391 583 2451 On.
601 2392 748 2467 Pompeio
768 2397 800 2449 ct
827 2391 870 2450 M.
887 2391 999 2450 Crasso

124 2473 308 2543 consulibus
317 2472 479 2529 tribunicia
488 2477 625 2547 potestas
640 2473 785 2529 restituta
798 2477 853 2541 est,
863 2471 1000 2530 homines

125 2552 999 2628 adolescentes,summampotestatemnacti,quibusaetas

125 2633 304 2707 animusque
320 2633 404 2689 ferox
418 2637 491 2700 erat,
508 2649 633 2706 coepere
652 2638 793 2689 senatum
813 2632 1000 2690 criminando
1015 2637 1053 2692 30

123 2713 244 2788 plebem
259 2712 423 2786 exagitare,
435 2713 503 2769 dein
520 2711 682 2786 largiundo
698 2718 788 2786 atqua
803 2712 1000 2786 pollicitando

125 2792 224 2866 magis
234 2792 405 2864 incendere3
421 2791 529 2866 itaipsi
538 2791 610 2848 clari
617 2796 815 2867 potentesque
826 2791 896 2850 fieri.
923 2793 1000 2851 Con-

125 2879 173 2928 tra
183 2889 234 2928 eos
246 2889 427 2946 summaope
440 2873 593 2928 nitebatur
599 2871 741 2947 pleraque
749 2872 902 2942 nobilitas,
914 2890 999 2928 sena-

125 2959 176 3008 tus
187 2952 293 3027 specio,
304 2969 358 3025 pro
370 2968 426 3008 sua
435 2952 653 3026 magnitudine.
691 2951 831 3026 Namque
839 2953 884 3008 uti
894 2953 999 3026 paucis

127 3049 230 3088 vorum
253 3031 418 3100 absolvam,
434 3031 576 3114 postilla
580 3037 724 3118 'tempora
740 3033 920 3110 quicumque
936 3051 998 3089 rem
1014 3037 1050 3094 35

126 3112 277 3187 publicam
299 3111 463 3185 agitavere,
482 3102 626 3168 honestis
640 3109 822 3182 nominibus,
839 3113 889 3168 alii
910 3113 998 3170 sicuti

126 3193 228 3267 populi
248 3194 319 3265 jura
343 3191 546 3262 defenderent,
573 3209 643 3266 pars
667 3210 726 3266 quo
750 3198 874 3249 sanatus
900 3199 1000 3249 aucto-

127 3273 202 3328 ritas
222 3289 365 3328 maxuma
387 3271 472 3340 foret,
488 3271 602 3327 bonum
627 3272 783 3345 publicum
809 3272 997 3342 simula-ntea,

127 3369 177 3428 pro
200 3369 256 3408 sua
287 3351 414 3426 quisquc
444 3351 583 3425 potentia
608 3350 785 3423 certabant3
819 3368 916 3426 neque
938 3352 999 3408 illis

231 3447 247 3496 8
260 3447 311 3496 Sal.
