2346 3718
364 175 411 222 nn
435 172 558 221 annno
583 169 842 220 susurrante.
1028 151 1069 221 71

129 341 166 394 ut
191 335 223 391 in
247 338 337 390 tanta
361 351 393 390 re
416 334 543 407 ignarus
566 330 702 389 omnium
724 330 865 406 trepidet,
882 329 1014 400 festinet,

130 420 235 473 sumat
250 414 383 488 aliquem
398 431 435 470 ex
449 413 562 488 populo
578 411 760 468 monitorem
775 410 852 468 offici
868 411 921 466 sui.
965 409 1016 466 Ita

130 496 310 571 plerumque
322 493 425 550 evenit
440 500 483 563 ut,
497 510 586 568 quem
599 509 654 548 vos
670 491 818 566 imperare
825 489 972 564 jussistis,
989 490 1017 546 is

129 575 346 650 imperatorem
363 573 459 630 alium
475 578 610 647 quaerat.
656 571 759 645 Atque
779 589 837 646 ego
857 569 1016 642 3010,ρυί-

129 655 214 726 riteS,
237 655 296 729 qui,
322 660 486 728 postquam
517 651 657 709 eonsules
684 650 755 707 laeti
782 656 862 720 sunt,
888 657 920 708 et
947 657 1016 707 aeta
1049 651 1067 710 5

130 737 280 808 majorum
301 741 332 791 et
349 733 535 792 Graecorum
560 731 706 788 militaria
729 737 891 805 praecepta
915 730 1015 805 legere

130 814 303 890 coeperint,
324 813 514 889 praeposteri
533 811 688 869 homiues:
713 828 783 868 nam
798 827 901 885 gerere
923 828 1015 885 quam

130 895 195 951 fieri
222 901 358 969 tempore
386 893 550 969 posterius,
580 909 612 950 re
643 897 734 966 atque
761 909 817 949 usu
846 891 929 967 prius
957 897 1012 949 est.

131 975 313 1050 Comparate
339 993 427 1044 nune,
456 973 602 1047 Quirires‚
632 990 701 1030 eum
727 971 849 1029 illorum
874 972 1017 1048 superbie

129 1073 179 1112 me
194 1054 348 1112 hominem
363 1072 485 1112 novum.
533 1054 620 1127 Quae
642 1052 687 1109 illi
709 1053 813 1110 audire
838 1060 892 1110 aut
914 1054 1015 1128 legere
1031 1055 1068 1112 10

129 1135 240 1205 solent,
255 1152 359 1192 eorum
374 1143 494 1210 partem
510 1134 583 1204 vidi,
602 1134 662 1191 alia
677 1140 800 1208 egomet
813 1134 914 1209 gessi;
937 1152 1015 1210 quae

129 1215 176 1272 illi
189 1215 309 1283 litteris,
325 1233 362 1272 ea
383 1233 440 1290 ego
464 1213 625 1272 militando
643 1214 744 1272 didiei.
787 1214 816 1272 N
820 1233 878 1272 uno
894 1231 949 1271 vos
968 1233 1016 1272 ex-

128 1296 284 1365 istumem,
301 1295 382 1352 faeta
404 1313 443 1352 an
467 1295 550 1352 dieta
572 1295 671 1370 pluris
691 1295 762 1354 sint.
806 1295 1016 1354 Contemnunt

129 1377 298 1432 novitatem
313 1393 421 1446 meam,
438 1393 498 1450 ego
521 1375 643 1432 illorum
669 1375 826 1450 ignaviam
840 1397 847 1450 3
869 1375 943 1433 mihi
959 1376 1016 1433 for-

127 1464 212 1524 tuna,
241 1455 301 1512 illis
328 1457 438 1531 probra
468 1455 667 1530 objectantur.
727 1457 920 1531 Quamquam
957 1474 1015 1531 ego
1031 1458 1067 1516 15

127 1542 273 1593 naturam
301 1553 394 1593 unam
418 1542 450 1594 et
476 1553 670 1594 communem
697 1537 832 1594 omnium
853 1536 1013 1608 existumo,

129 1615 185 1674 sed
211 1616 422 1674 fortissumum
452 1634 603 1692 quemque
634 1618 922 1690 generosissumum.
965 1617 1013 1676 Ao

128 1697 156 1754 si
167 1697 232 1770 jam
246 1713 284 1752 ex
297 1697 437 1770 patribus
450 1696 556 1753 Albini
574 1702 628 1753 aut
644 1697 769 1754 Bestiae
781 1698 885 1773 quaeri
898 1702 1013 1774 posset,

127 1793 217 1832 mene
233 1793 271 1832 au
287 1776 356 1833 illos
369 1793 408 1833 ex
423 1793 455 1832 se
470 1775 557 1850 gigni
575 1776 747 1848 maluerint,
765 1778 838 1853 quid
857 1795 1015 1854 responsu-

126 1873 181 1914 ros
196 1855 327 1926 ereditis,
344 1855 403 1913 nisi
428 1873 495 1913 sese
520 1857 634 1914 liberos
658 1875 750 1931 quem
774 1864 915 1933 optumos
930 1858 1013 1915 volu·
1029 1861 1067 1919 20

127 1933 214 1992 isse?
257 1936 346 2009 Quod
370 1936 396 1992 si
417 1937 486 2010 jure
510 1954 558 1994 me
585 1936 767 2010 despiciunt,
792 1939 907 1996 faciunt
934 1937 1014 1995 idem

129 2014 297 2088 maioribus
312 2015 384 2085 suis,
402 2017 521 2090 quibus,
536 2015 581 2073 uti
597 2015 682 2086 mihi,
695 2035 732 2074 ex
743 2017 854 2076 virtute
870 2017 1012 2076 nobilitas

128 2095 237 2171 eoepit.
274 2096 419 2153 Invident
432 2094 540 2153 honori
552 2114 620 2154 meo
631 2118 637 2154 ι
654 2115 726 2172 ergo
738 2098 896 2156 invideant
909 2098 1012 2168 labori,

127 2175 331 2247 innocentiae,
347 2175 490 2251 perieulis
506 2177 600 2233 etiam
617 2177 702 2246 meis,
715 2179 858 2252 quoniam
873 2196 925 2254 per
940 2177 1014 2236 haec

126 2255 215 2312 illum
231 2256 304 2328 oepi.
348 2255 465 2313 Verum
487 2255 628 2314 homines
651 2258 785 2334 corrupti
806 2258 948 2334 superbia
969 2258 1013 2315 ita
1028 2258 1066 2319 25

127 2341 263 2392 aetatem
286 2342 390 2410 agunt,
408 2336 496 2410 quasi
513 2343 635 2394 vostros
655 2336 785 2395 honores
800 2344 1013 2413 contemnant;

126 2415 174 2471 ita
199 2415 255 2472 hos
280 2421 395 2489 petunt,
420 2417 509 2489 quasi
537 2416 665 2474 honeste
689 2418 829 2475 vixerint.
872 2417 938 2475 Nae
968 2419 1013 2476 illi

127 2495 197 2552 falsi
214 2501 293 2565 sunt,
306 2497 357 2570 qui
379 2495 619 2556 divorsissumas
634 2515 684 2554 res
698 2499 812 2573 pariter
822 2505 1010 2575 exspectant,

126 2574 271 2648 ignaviae
298 2577 488 2651 voluptatem
515 2582 546 2634 et
570 2579 708 2652 praemia
729 2578 861 2636 virtutis
908 2579 1012 2654 Atque

126 2656 231 2724 etiam,
248 2673 315 2711 eum
342 2656 422 2730 apud
438 2673 493 2714 vos
518 2663 571 2714 aut
593 2657 626 2714 in
647 2663 758 2715 senatu
772 2658 866 2716 verba
887 2659 1010 2731 faciunt,
1027 2663 1065 2720 30

126 2735 273 2810 pleraque
300 2735 437 2793 oratione
465 2739 595 2811 majores
624 2755 696 2796 suos
723 2738 881 2809 extollunt,
907 2756 1012 2797 eorum

126 2815 219 2872 fortia
230 2813 311 2872 faeta
323 2818 520 2874 memorando
530 2818 674 2875 clariores
686 2835 752 2875 sese
762 2823 880 2893 putant.
922 2819 1012 2893 Quod

126 2900 235 2952 eontra
256 2903 310 2952 est.
356 2895 385 2953 N
389 2913 438 2953 am
461 2903 575 2971 quanto
591 2897 655 2954 vita
678 2897 798 2955 illorum
820 2899 1009 2975 praeclarior,

125 2982 216 3033 tanto
239 2974 347 3032 horum
370 2977 508 3033 socordia
529 2977 717 3051 flagitiosior.
761 2978 802 3034 Et
817 2980 951 3053 prolecto
966 2979 1011 3036 ita

126 3073 160 3112 se
176 3072 225 3111 res
241 3053 351 3113 habet:
375 3057 523 3129 majorum
537 3056 636 3132 gloria
650 3058 782 3132 posteris
800 3059 886 3132 quasi
909 3059 1011 3116 lumen
1026 3061 1063 3118 35

126 3141 183 3206 est,
201 3153 299 3210 neque
322 3137 402 3193 bona
424 3154 520 3210 neque
540 3136 623 3193 mala
635 3154 739 3193 eorum
755 3137 786 3192 in
802 3137 918 3194 occulto
933 3138 1011 3211 pati-

126 3222 185 3272 tur.
238 3215 375 3290 Hujusee
404 3217 446 3272 rei
474 3233 531 3289 ego
560 3215 694 3290 inopiam
723 3215 827 3282 fateor,
855 3215 1008 3286 Quirites3

128 3313 244 3362 verum,
261 3295 291 3352 id
307 3295 388 3370 quod
403 3293 499 3351 multo
514 3293 701 3368 praeclarius
715 3299 770 3360 est,
783 3299 914 3348 meamet
929 3293 1009 3348 laeta

126 3374 205 3433 mihi
228 3375 327 3432 dicere
349 3374 426 3431 lleet.
471 3371 560 3429 Nune
575 3373 685 3439 videte,
704 3387 795 3443 quam
817 3369 913 3443 iniqui
935 3370 1004 3425 sint.
