<?xml version="1.0" encoding="UTF-8"?>
<!DOCTYPE html PUBLIC "-//W3C//DTD XHTML 1.0 Transitional//EN"
    "http://www.w3.org/TR/xhtml1/DTD/xhtml1-transitional.dtd">
<html xmlns="http://www.w3.org/1999/xhtml" xml:lang="en" lang="en">
 <head>
  <title>
</title>
<meta http-equiv="Content-Type" content="text/html;charset=utf-8" />
  <meta name='ocr-system' content='tesseract 3.04.00' />
  <meta name='ocr-capabilities' content='ocr_page ocr_carea ocr_par ocr_line ocrx_word'/>
</head>
<body>
  <div class='ocr_page' id='page_1' title='image "./csallusticrispi01stuagoog_0023.png"; bbox 0 0 2346 3718; ppageno 0'>
   <div class='ocr_carea' id='block_1_1' title="bbox 94 157 748 219">
    <p class='ocr_par' dir='ltr' id='par_1_1' title="bbox 94 157 748 219">
     <span class='ocr_line' id='line_1_1' title="bbox 94 157 748 219; baseline -0.003 0"><span class='ocrx_word' id='word_1_1' title='bbox 94 157 137 219; x_wconf 91' lang='grc'>16</span> <span class='ocrx_word' id='word_1_2' title='bbox 373 171 402 217; x_wconf 90' lang='lat' dir='ltr'>e.</span> <span class='ocrx_word' id='word_1_3' title='bbox 418 169 600 216; x_wconf 66' lang='lat' dir='ltr'>statuam</span> <span class='ocrx_word' id='word_1_4' title='bbox 627 170 748 217; x_wconf 79' lang='lat' dir='ltr'>oarsrr</span> 
     </span>
    </p>
   </div>
   <div class='ocr_carea' id='block_1_2' title="bbox 88 327 1030 3448">
    <p class='ocr_par' dir='ltr' id='par_1_2' title="bbox 93 327 1030 1189">
     <span class='ocr_line' id='line_1_2' title="bbox 147 327 1029 404; baseline 0.003 -20"><span class='ocrx_word' id='word_1_5' title='bbox 147 329 254 385; x_wconf 86' lang='lat' dir='ltr'>Africa</span> <span class='ocrx_word' id='word_1_6' title='bbox 266 345 411 402; x_wconf 83' lang='lat' dir='ltr'>magnum</span> <span class='ocrx_word' id='word_1_7' title='bbox 425 334 515 402; x_wconf 89' lang='lat' dir='ltr'>atque</span> <span class='ocrx_word' id='word_1_8' title='bbox 531 328 591 385; x_wconf 91' lang='lat' dir='ltr'>late</span> <span class='ocrx_word' id='word_1_9' title='bbox 602 328 762 404; x_wconf 90' lang='lat' dir='ltr'>imperium</span> <span class='ocrx_word' id='word_1_10' title='bbox 778 327 885 398; x_wconf 88' lang='lat' dir='ltr'>valuit,</span> <span class='ocrx_word' id='word_1_11' title='bbox 897 329 1029 402; x_wconf 88' lang='lat' dir='ltr'>populus</span> 
     </span>
     <span class='ocr_line' id='line_1_3' title="bbox 145 408 1027 483; baseline 0 -17"><span class='ocrx_word' id='word_1_12' title='bbox 145 408 305 466; x_wconf 85' lang='lat' dir='ltr'>Romanus</span> <span class='ocrx_word' id='word_1_13' title='bbox 320 426 526 483; x_wconf 87' lang='lat' dir='ltr'>quascumque</span> <span class='ocrx_word' id='word_1_14' title='bbox 539 409 629 465; x_wconf 90' lang='lat' dir='ltr'>urbes</span> <span class='ocrx_word' id='word_1_15' title='bbox 644 415 675 466; x_wconf 93' lang='lat' dir='ltr'>et</span> <span class='ocrx_word' id='word_1_16' title='bbox 685 427 776 482; x_wconf 83' lang='lat' dir='ltr'>agros</span> <span class='ocrx_word' id='word_1_17' title='bbox 788 425 880 465; x_wconf 91' lang='lat' dir='ltr'>manu</span> <span class='ocrx_word' id='word_1_18' title='bbox 896 416 1027 483; x_wconf 75' lang='lat' dir='ltr'>ceperat,</span> 
     </span>
     <span class='ocr_line' id='line_1_4' title="bbox 145 487 1030 563; baseline 0.002 -19"><span class='ocrx_word' id='word_1_19' title='bbox 145 489 207 563; x_wconf 83' lang='lat' dir='ltr'>regi</span> <span class='ocrx_word' id='word_1_20' title='bbox 231 489 310 546; x_wconf 90' lang='lat' dir='ltr'>dono</span> <span class='ocrx_word' id='word_1_21' title='bbox 329 489 421 545; x_wconf 80' lang='lat' dir='ltr'>dedit,</span> <span class='ocrx_word' id='word_1_22' title='bbox 465 487 566 562; x_wconf 82' lang='lat' dir='ltr'>Igitur</span> <span class='ocrx_word' id='word_1_23' title='bbox 588 489 721 546; x_wconf 85' lang='lat' dir='ltr'>amicitia</span> <span class='ocrx_word' id='word_1_24' title='bbox 742 488 926 546; x_wconf 83' lang='lat' dir='ltr'>Masinissae</span> <span class='ocrx_word' id='word_1_25' title='bbox 947 489 1030 546; x_wconf 89' lang='lat' dir='ltr'>bona</span> 
     </span>
     <span class='ocr_line' id='line_1_5' title="bbox 145 569 1028 645; baseline 0.001 -19"><span class='ocrx_word' id='word_1_26' title='bbox 145 576 235 645; x_wconf 89' lang='lat' dir='ltr'>atque</span> <span class='ocrx_word' id='word_1_27' title='bbox 247 569 469 626; x_wconf 86' lang='lat' dir='ltr'>honestanobis</span> <span class='ocrx_word' id='word_1_28' title='bbox 483 569 660 644; x_wconf 88' lang='lat' dir='ltr'>permansit.</span> <span class='ocrx_word' id='word_1_29' title='bbox 700 569 759 627; x_wconf 86' lang='lat' dir='ltr'>Sed</span> <span class='ocrx_word' id='word_1_30' title='bbox 769 569 875 644; x_wconf 92' lang='lat' dir='ltr'>imperi</span> <span class='ocrx_word' id='word_1_31' title='bbox 886 569 1028 645; x_wconf 90' lang='lat' dir='ltr'>vitaeque</span> 
     </span>
     <span class='ocr_line' id='line_1_6' title="bbox 112 649 1027 725; baseline -0.002 -17"><span class='ocrx_word' id='word_1_32' title='bbox 112 652 209 724; x_wconf 79' lang='lat' dir='ltr'>bejus</span> <span class='ocrx_word' id='word_1_33' title='bbox 231 649 299 706; x_wconf 87' lang='lat' dir='ltr'>finis</span> <span class='ocrx_word' id='word_1_34' title='bbox 321 649 402 706; x_wconf 90' lang='lat' dir='ltr'>idem</span> <span class='ocrx_word' id='word_1_35' title='bbox 424 649 490 705; x_wconf 83' lang='lat' dir='ltr'>fuit.</span> <span class='ocrx_word' id='word_1_36' title='bbox 535 649 614 705; x_wconf 88' lang='lat' dir='ltr'>Dein</span> <span class='ocrx_word' id='word_1_37' title='bbox 637 649 768 725; x_wconf 81' lang='lat' dir='ltr'>Micipsa</span> <span class='ocrx_word' id='word_1_38' title='bbox 790 649 870 706; x_wconf 88' lang='lat' dir='ltr'>filius</span> <span class='ocrx_word' id='word_1_39' title='bbox 898 667 1027 723; x_wconf 87' lang='lat' dir='ltr'>regnum</span> 
     </span>
     <span class='ocr_line' id='line_1_7' title="bbox 145 729 1027 800; baseline 0 -14"><span class='ocrx_word' id='word_1_40' title='bbox 145 731 228 787; x_wconf 90' lang='lat' dir='ltr'>solus</span> <span class='ocrx_word' id='word_1_41' title='bbox 257 729 398 800; x_wconf 80' lang='lat' dir='ltr'>obtinuit,</span> <span class='ocrx_word' id='word_1_42' title='bbox 423 729 637 786; x_wconf 82' lang='lat' dir='ltr'>Mastanabale</span> <span class='ocrx_word' id='word_1_43' title='bbox 666 735 697 786; x_wconf 92' lang='lat' dir='ltr'>et</span> <span class='ocrx_word' id='word_1_44' title='bbox 726 730 860 788; x_wconf 83' lang='lat' dir='ltr'>Gulussa</span> <span class='ocrx_word' id='word_1_45' title='bbox 882 729 1027 786; x_wconf 88' lang='lat' dir='ltr'>fratribus</span> 
     </span>
     <span class='ocr_line' id='line_1_8' title="bbox 144 809 1026 885; baseline 0 -18"><span class='ocrx_word' id='word_1_46' title='bbox 144 811 248 868; x_wconf 89' lang='lat' dir='ltr'>morbo</span> <span class='ocrx_word' id='word_1_47' title='bbox 264 811 444 885; x_wconf 90' lang='lat' dir='ltr'>absumptis.</span> <span class='ocrx_word' id='word_1_48' title='bbox 490 809 523 865; x_wconf 87' lang='lat' dir='ltr'>Is</span> <span class='ocrx_word' id='word_1_49' title='bbox 540 809 750 867; x_wconf 84' lang='lat' dir='ltr'>Adherbalem</span> <span class='ocrx_word' id='word_1_50' title='bbox 766 818 797 868; x_wconf 88' lang='lat' dir='ltr'>et</span> <span class='ocrx_word' id='word_1_51' title='bbox 813 809 1026 884; x_wconf 87' lang='lat' dir='ltr'>Hiempsalem</span> 
     </span>
     <span class='ocr_line' id='line_1_9' title="bbox 144 889 1027 966; baseline 0.001 -19"><span class='ocrx_word' id='word_1_52' title='bbox 144 909 182 947; x_wconf 91' lang='lat' dir='ltr'>ex</span> <span class='ocrx_word' id='word_1_53' title='bbox 202 909 268 948; x_wconf 91' lang='lat' dir='ltr'>sese</span> <span class='ocrx_word' id='word_1_54' title='bbox 287 891 401 966; x_wconf 81' lang='lat' dir='ltr'>genuit,</span> <span class='ocrx_word' id='word_1_55' title='bbox 418 889 677 964; x_wconf 82' lang='lat' dir='ltr'>Jugurthamque,</span> <span class='ocrx_word' id='word_1_56' title='bbox 691 890 785 948; x_wconf 89' lang='lat' dir='ltr'>filium</span> <span class='ocrx_word' id='word_1_57' title='bbox 800 890 1027 948; x_wconf 85' lang='lat' dir='ltr'>Mastanabalis</span> 
     </span>
     <span class='ocr_line' id='line_1_10' title="bbox 145 969 1025 1047; baseline 0.002 -21"><span class='ocrx_word' id='word_1_58' title='bbox 145 972 254 1040; x_wconf 75' lang='lat' dir='ltr'>fratris</span> <span class='ocrx_word' id='word_1_59' title='bbox 278 989 368 1047; x_wconf 91' lang='lat' dir='ltr'>quem</span> <span class='ocrx_word' id='word_1_60' title='bbox 391 969 568 1039; x_wconf 84' lang='lat' dir='ltr'>Masinissa,</span> <span class='ocrx_word' id='word_1_61' title='bbox 585 971 665 1045; x_wconf 91' lang='lat' dir='ltr'>quod</span> <span class='ocrx_word' id='word_1_62' title='bbox 688 976 774 1028; x_wconf 87' lang='lat' dir='ltr'>ortus</span> <span class='ocrx_word' id='word_1_63' title='bbox 796 989 833 1028; x_wconf 90' lang='lat' dir='ltr'>ex</span> <span class='ocrx_word' id='word_1_64' title='bbox 854 971 1025 1028; x_wconf 88' lang='lat' dir='ltr'>concubina</span> 
     </span>
     <span class='ocr_line' id='line_1_11' title="bbox 93 1050 1026 1127; baseline 0.001 -19"><span class='ocrx_word' id='word_1_65' title='bbox 93 1053 128 1109; x_wconf 87' lang='lat'>10</span> <span class='ocrx_word' id='word_1_66' title='bbox 144 1059 217 1123; x_wconf 89' lang='lat' dir='ltr'>erat,</span> <span class='ocrx_word' id='word_1_67' title='bbox 233 1053 385 1127; x_wconf 90' lang='lat' dir='ltr'>privatum</span> <span class='ocrx_word' id='word_1_68' title='bbox 403 1050 612 1125; x_wconf 82' lang='lat' dir='ltr'>dereliquerat,</span> <span class='ocrx_word' id='word_1_69' title='bbox 626 1051 733 1108; x_wconf 90' lang='lat' dir='ltr'>eodem</span> <span class='ocrx_word' id='word_1_70' title='bbox 748 1051 901 1126; x_wconf 85' lang='lat' dir='ltr'>cultuque</span> <span class='ocrx_word' id='word_1_71' title='bbox 913 1051 1026 1109; x_wconf 88' lang='lat' dir='ltr'>liberos</span> 
     </span>
     <span class='ocr_line' id='line_1_12' title="bbox 144 1132 442 1189; baseline -0.003 0"><span class='ocrx_word' id='word_1_72' title='bbox 144 1149 216 1189; x_wconf 87' lang='lat' dir='ltr'>suos</span> <span class='ocrx_word' id='word_1_73' title='bbox 231 1132 312 1189; x_wconf 88' lang='lat' dir='ltr'>domi</span> <span class='ocrx_word' id='word_1_74' title='bbox 329 1132 442 1189; x_wconf 88' lang='lat' dir='ltr'>babuit.</span> 
     </span>
    </p>

    <p class='ocr_par' dir='ltr' id='par_1_3' title="bbox 143 1210 1025 1448">
     <span class='ocr_line' id='line_1_13' title="bbox 183 1210 1025 1288; baseline -0.001 -18"><span class='ocrx_word' id='word_1_75' title='bbox 183 1216 207 1270; x_wconf 84' lang='grc'>6.</span> <span class='ocrx_word' id='word_1_76' title='bbox 232 1212 292 1285; x_wconf 78' lang='lat' dir='ltr'>Qui</span> <span class='ocrx_word' id='word_1_77' title='bbox 301 1213 354 1268; x_wconf 90' lang='lat' dir='ltr'>ubi</span> <span class='ocrx_word' id='word_1_78' title='bbox 363 1213 495 1288; x_wconf 89' lang='lat' dir='ltr'>primum</span> <span class='ocrx_word' id='word_1_79' title='bbox 506 1211 650 1281; x_wconf 87' lang='lat' dir='ltr'>adolevit,</span> <span class='ocrx_word' id='word_1_80' title='bbox 658 1211 775 1287; x_wconf 92' lang='lat' dir='ltr'>pollens</span> <span class='ocrx_word' id='word_1_81' title='bbox 783 1211 906 1281; x_wconf 68' lang='lat' dir='ltr'>viribus</span> <span class='ocrx_word' id='word_1_82' title='bbox 916 1210 1025 1269; x_wconf 88' lang='lat' dir='ltr'>decora</span> 
     </span>
     <span class='ocr_line' id='line_1_14' title="bbox 144 1291 1023 1366; baseline 0.001 -18"><span class='ocrx_word' id='word_1_83' title='bbox 144 1293 227 1363; x_wconf 87' lang='lat' dir='ltr'>facie,</span> <span class='ocrx_word' id='word_1_84' title='bbox 250 1293 303 1350; x_wconf 89' lang='lat' dir='ltr'>sed</span> <span class='ocrx_word' id='word_1_85' title='bbox 325 1293 422 1349; x_wconf 91' lang='lat' dir='ltr'>multo</span> <span class='ocrx_word' id='word_1_86' title='bbox 446 1310 586 1348; x_wconf 87' lang='lat' dir='ltr'>maxume</span> <span class='ocrx_word' id='word_1_87' title='bbox 609 1292 731 1366; x_wconf 81' lang='lat' dir='ltr'>ingenio</span> <span class='ocrx_word' id='word_1_88' title='bbox 754 1291 883 1361; x_wconf 90' lang='lat' dir='ltr'>validus,</span> <span class='ocrx_word' id='word_1_89' title='bbox 908 1310 968 1349; x_wconf 91' lang='lat' dir='ltr'>non</span> <span class='ocrx_word' id='word_1_90' title='bbox 991 1309 1023 1350; x_wconf 88' lang='lat' dir='ltr'>se</span> 
     </span>
     <span class='ocr_line' id='line_1_15' title="bbox 143 1372 1024 1448; baseline 0 -20"><span class='ocrx_word' id='word_1_91' title='bbox 143 1373 215 1430; x_wconf 88' lang='lat' dir='ltr'>luxu</span> <span class='ocrx_word' id='word_1_92' title='bbox 236 1391 332 1448; x_wconf 91' lang='lat' dir='ltr'>neque</span> <span class='ocrx_word' id='word_1_93' title='bbox 356 1373 482 1430; x_wconf 87' lang='lat' dir='ltr'>inertiae</span> <span class='ocrx_word' id='word_1_94' title='bbox 505 1373 757 1448; x_wconf 89' lang='lat' dir='ltr'>corrumpendum</span> <span class='ocrx_word' id='word_1_95' title='bbox 781 1372 875 1442; x_wconf 88' lang='lat' dir='ltr'>dedit,</span> <span class='ocrx_word' id='word_1_96' title='bbox 900 1373 961 1442; x_wconf 90' lang='lat' dir='ltr'>sed,</span> <span class='ocrx_word' id='word_1_97' title='bbox 978 1373 1024 1430; x_wconf 91' lang='lat' dir='ltr'>uti</span> 
     </span>
    </p>

    <p class='ocr_par' dir='ltr' id='par_1_4' title="bbox 92 1452 1023 1849">
     <span class='ocr_line' id='line_1_16' title="bbox 92 1452 1023 1528; baseline 0 -18"><span class='ocrx_word' id='word_1_98' title='bbox 92 1455 127 1512; x_wconf 88' lang='lat'>15</span> <span class='ocrx_word' id='word_1_99' title='bbox 144 1471 210 1510; x_wconf 89' lang='lat' dir='ltr'>mos</span> <span class='ocrx_word' id='word_1_100' title='bbox 225 1455 327 1526; x_wconf 80' lang='lat' dir='ltr'>gentis</span> <span class='ocrx_word' id='word_1_101' title='bbox 349 1454 431 1511; x_wconf 89' lang='lat' dir='ltr'>illius</span> <span class='ocrx_word' id='word_1_102' title='bbox 453 1459 509 1522; x_wconf 89' lang='lat' dir='ltr'>est,</span> <span class='ocrx_word' id='word_1_103' title='bbox 526 1453 672 1527; x_wconf 89' lang='lat' dir='ltr'>equitare,</span> <span class='ocrx_word' id='word_1_104' title='bbox 685 1452 824 1528; x_wconf 87' lang='lat' dir='ltr'>jaculari,</span> <span class='ocrx_word' id='word_1_105' title='bbox 841 1470 931 1509; x_wconf 88' lang='lat' dir='ltr'>cursu</span> <span class='ocrx_word' id='word_1_106' title='bbox 953 1471 1023 1510; x_wconf 89' lang='lat' dir='ltr'>cum</span> 
     </span>
     <span class='ocr_line' id='line_1_17' title="bbox 143 1533 1020 1610; baseline 0 -20"><span class='ocrx_word' id='word_1_107' title='bbox 143 1534 321 1610; x_wconf 89' lang='lat' dir='ltr'>aequalibus</span> <span class='ocrx_word' id='word_1_108' title='bbox 343 1540 467 1602; x_wconf 88' lang='lat' dir='ltr'>certare,</span> <span class='ocrx_word' id='word_1_109' title='bbox 490 1539 612 1590; x_wconf 89' lang='lat' dir='ltr'>etcum</span> <span class='ocrx_word' id='word_1_110' title='bbox 636 1551 740 1590; x_wconf 89' lang='lat' dir='ltr'>omnes</span> <span class='ocrx_word' id='word_1_111' title='bbox 763 1533 859 1606; x_wconf 85' lang='lat' dir='ltr'>gloria</span> <span class='ocrx_word' id='word_1_112' title='bbox 883 1533 1020 1603; x_wconf 89' lang='lat' dir='ltr'>anteiret,</span> 
     </span>
     <span class='ocr_line' id='line_1_18' title="bbox 143 1613 1023 1688; baseline -0.001 -17"><span class='ocrx_word' id='word_1_113' title='bbox 143 1615 283 1672; x_wconf 90' lang='lat' dir='ltr'>omnibus</span> <span class='ocrx_word' id='word_1_114' title='bbox 293 1621 396 1671; x_wconf 89' lang='lat' dir='ltr'>tamen</span> <span class='ocrx_word' id='word_1_115' title='bbox 409 1631 496 1671; x_wconf 87' lang='lat' dir='ltr'>carus</span> <span class='ocrx_word' id='word_1_116' title='bbox 509 1631 575 1670; x_wconf 91' lang='lat' dir='ltr'>esse</span> <span class='ocrx_word' id='word_1_117' title='bbox 588 1635 594 1687; x_wconf 89' lang='lat'>;</span> <span class='ocrx_word' id='word_1_118' title='bbox 611 1614 650 1670; x_wconf 92' lang='lat' dir='ltr'>ad</span> <span class='ocrx_word' id='word_1_119' title='bbox 662 1613 719 1670; x_wconf 92' lang='lat' dir='ltr'>hoc</span> <span class='ocrx_word' id='word_1_120' title='bbox 728 1613 869 1688; x_wconf 89' lang='lat' dir='ltr'>pleraque</span> <span class='ocrx_word' id='word_1_121' title='bbox 885 1618 1023 1686; x_wconf 88' lang='lat' dir='ltr'>tempora</span> 
     </span>
     <span class='ocr_line' id='line_1_19' title="bbox 142 1693 1022 1770; baseline 0 -20"><span class='ocrx_word' id='word_1_122' title='bbox 142 1694 172 1750; x_wconf 92' lang='lat' dir='ltr'>in</span> <span class='ocrx_word' id='word_1_123' title='bbox 189 1695 328 1753; x_wconf 87' lang='lat' dir='ltr'>venando</span> <span class='ocrx_word' id='word_1_124' title='bbox 351 1713 450 1769; x_wconf 85' lang='lat' dir='ltr'>agere,</span> <span class='ocrx_word' id='word_1_125' title='bbox 467 1693 586 1750; x_wconf 90' lang='lat' dir='ltr'>leonem</span> <span class='ocrx_word' id='word_1_126' title='bbox 610 1700 699 1770; x_wconf 92' lang='lat' dir='ltr'>atque</span> <span class='ocrx_word' id='word_1_127' title='bbox 716 1693 791 1750; x_wconf 88' lang='lat' dir='ltr'>alias</span> <span class='ocrx_word' id='word_1_128' title='bbox 813 1693 892 1750; x_wconf 84' lang='lat' dir='ltr'>feras</span> <span class='ocrx_word' id='word_1_129' title='bbox 906 1694 1022 1767; x_wconf 90' lang='lat' dir='ltr'>primus</span> 
     </span>
     <span class='ocr_line' id='line_1_20' title="bbox 144 1774 1021 1849; baseline 0 -19"><span class='ocrx_word' id='word_1_130' title='bbox 144 1780 197 1831; x_wconf 91' lang='lat' dir='ltr'>aut</span> <span class='ocrx_word' id='word_1_131' title='bbox 208 1775 354 1849; x_wconf 89' lang='lat' dir='ltr'>inprimis</span> <span class='ocrx_word' id='word_1_132' title='bbox 366 1776 461 1843; x_wconf 86' lang='lat' dir='ltr'>ferire,</span> <span class='ocrx_word' id='word_1_133' title='bbox 473 1774 648 1849; x_wconf 86' lang='lat' dir='ltr'>plurumum</span> <span class='ocrx_word' id='word_1_134' title='bbox 659 1775 764 1843; x_wconf 84' lang='lat' dir='ltr'>facere,</span> <span class='ocrx_word' id='word_1_135' title='bbox 776 1774 944 1830; x_wconf 87' lang='lat' dir='ltr'>minumum</span> <span class='ocrx_word' id='word_1_136' title='bbox 957 1775 1021 1848; x_wconf 90' lang='lat' dir='ltr'>ipse</span> 
     </span>
    </p>

    <p class='ocr_par' dir='ltr' id='par_1_5' title="bbox 90 1854 1022 2252">
     <span class='ocr_line' id='line_1_21' title="bbox 90 1854 1022 1930; baseline -0.001 -19"><span class='ocrx_word' id='word_1_137' title='bbox 90 1855 128 1911; x_wconf 77' lang='lat'>20</span> <span class='ocrx_word' id='word_1_138' title='bbox 143 1856 179 1912; x_wconf 91' lang='lat' dir='ltr'>de</span> <span class='ocrx_word' id='word_1_139' title='bbox 202 1873 233 1913; x_wconf 87' lang='lat' dir='ltr'>se</span> <span class='ocrx_word' id='word_1_140' title='bbox 255 1855 346 1930; x_wconf 89' lang='lat' dir='ltr'>loqui.</span> <span class='ocrx_word' id='word_1_141' title='bbox 390 1856 508 1928; x_wconf 76' lang='lat' dir='ltr'>Quibus</span> <span class='ocrx_word' id='word_1_142' title='bbox 524 1855 615 1912; x_wconf 90' lang='lat' dir='ltr'>rebus</span> <span class='ocrx_word' id='word_1_143' title='bbox 632 1855 765 1928; x_wconf 83' lang='lat' dir='ltr'>Micipsa</span> <span class='ocrx_word' id='word_1_144' title='bbox 790 1854 916 1911; x_wconf 91' lang='lat' dir='ltr'>tametsi</span> <span class='ocrx_word' id='word_1_145' title='bbox 933 1854 1022 1911; x_wconf 90' lang='lat' dir='ltr'>initio</span> 
     </span>
     <span class='ocr_line' id='line_1_22' title="bbox 142 1934 1020 2009; baseline 0.001 -18"><span class='ocrx_word' id='word_1_146' title='bbox 142 1934 241 1992; x_wconf 87' lang='lat' dir='ltr'>laetus</span> <span class='ocrx_word' id='word_1_147' title='bbox 257 1936 364 2005; x_wconf 85' lang='lat' dir='ltr'>fuerat,</span> <span class='ocrx_word' id='word_1_148' title='bbox 375 1936 564 1992; x_wconf 85' lang='lat' dir='ltr'>existumans</span> <span class='ocrx_word' id='word_1_149' title='bbox 577 1935 722 1992; x_wconf 89' lang='lat' dir='ltr'>virtutem</span> <span class='ocrx_word' id='word_1_150' title='bbox 738 1935 912 2009; x_wconf 79' lang='lat' dir='ltr'>Jugurthae</span> <span class='ocrx_word' id='word_1_151' title='bbox 927 1953 1020 2009; x_wconf 85' lang='lat' dir='ltr'>regno</span> 
     </span>
     <span class='ocr_line' id='line_1_23' title="bbox 143 2015 1021 2091; baseline 0 -19"><span class='ocrx_word' id='word_1_152' title='bbox 143 2033 197 2073; x_wconf 90' lang='lat' dir='ltr'>suo</span> <span class='ocrx_word' id='word_1_153' title='bbox 212 2017 327 2091; x_wconf 84' lang='lat' dir='ltr'>gloriae</span> <span class='ocrx_word' id='word_1_154' title='bbox 344 2017 414 2087; x_wconf 89' lang='lat' dir='ltr'>fore,</span> <span class='ocrx_word' id='word_1_155' title='bbox 433 2021 536 2072; x_wconf 90' lang='lat' dir='ltr'>tamen</span> <span class='ocrx_word' id='word_1_156' title='bbox 551 2020 713 2090; x_wconf 89' lang='lat' dir='ltr'>postquam</span> <span class='ocrx_word' id='word_1_157' title='bbox 736 2015 889 2072; x_wconf 90' lang='lat' dir='ltr'>hominem</span> <span class='ocrx_word' id='word_1_158' title='bbox 905 2016 1021 2073; x_wconf 89' lang='lat' dir='ltr'>adoles-</span> 
     </span>
     <span class='ocr_line' id='line_1_24' title="bbox 141 2096 1021 2172; baseline -0.001 -19"><span class='ocrx_word' id='word_1_159' title='bbox 141 2102 260 2154; x_wconf 86' lang='lat' dir='ltr'>centem</span> <span class='ocrx_word' id='word_1_160' title='bbox 281 2102 388 2154; x_wconf 90' lang='lat' dir='ltr'>exaeta</span> <span class='ocrx_word' id='word_1_161' title='bbox 409 2115 466 2154; x_wconf 89' lang='lat' dir='ltr'>sua</span> <span class='ocrx_word' id='word_1_162' title='bbox 488 2101 587 2152; x_wconf 89' lang='lat' dir='ltr'>aetate</span> <span class='ocrx_word' id='word_1_163' title='bbox 609 2103 640 2152; x_wconf 90' lang='lat' dir='ltr'>et</span> <span class='ocrx_word' id='word_1_164' title='bbox 661 2097 766 2171; x_wconf 82' lang='lat' dir='ltr'>parvis</span> <span class='ocrx_word' id='word_1_165' title='bbox 795 2096 897 2154; x_wconf 88' lang='lat' dir='ltr'>liberis</span> <span class='ocrx_word' id='word_1_166' title='bbox 920 2097 1021 2172; x_wconf 83' lang='lat' dir='ltr'>magis</span> 
     </span>
     <span class='ocr_line' id='line_1_25' title="bbox 141 2176 1021 2252; baseline 0.002 -20"><span class='ocrx_word' id='word_1_167' title='bbox 141 2178 299 2252; x_wconf 87' lang='lat' dir='ltr'>magisque</span> <span class='ocrx_word' id='word_1_168' title='bbox 315 2195 448 2234; x_wconf 88' lang='lat' dir='ltr'>creseere</span> <span class='ocrx_word' id='word_1_169' title='bbox 464 2176 618 2250; x_wconf 81' lang='lat' dir='ltr'>intelligit,</span> <span class='ocrx_word' id='word_1_170' title='bbox 636 2177 832 2234; x_wconf 85' lang='lat' dir='ltr'>vehementer</span> <span class='ocrx_word' id='word_1_171' title='bbox 846 2196 882 2235; x_wconf 93' lang='lat' dir='ltr'>eo</span> <span class='ocrx_word' id='word_1_172' title='bbox 897 2177 1021 2252; x_wconf 81' lang='lat' dir='ltr'>negotio</span> 
     </span>
    </p>

    <p class='ocr_par' dir='ltr' id='par_1_6' title="bbox 89 2257 1022 2332">
     <span class='ocr_line' id='line_1_26' title="bbox 89 2257 1022 2332; baseline 0.003 -19"><span class='ocrx_word' id='word_1_173' title='bbox 89 2257 125 2314; x_wconf 78' lang='lat'>25</span> <span class='ocrx_word' id='word_1_174' title='bbox 141 2264 306 2332; x_wconf 71' lang='lat' dir='ltr'>permotus</span> <span class='ocrx_word' id='word_1_175' title='bbox 316 2258 411 2314; x_wconf 90' lang='lat' dir='ltr'>multa</span> <span class='ocrx_word' id='word_1_176' title='bbox 421 2275 489 2314; x_wconf 89' lang='lat' dir='ltr'>oum</span> <span class='ocrx_word' id='word_1_177' title='bbox 501 2257 603 2313; x_wconf 87' lang='lat' dir='ltr'>animo</span> <span class='ocrx_word' id='word_1_178' title='bbox 614 2273 670 2313; x_wconf 93' lang='lat' dir='ltr'>suo</span> <span class='ocrx_word' id='word_1_179' title='bbox 683 2257 832 2316; x_wconf 88' lang='lat' dir='ltr'>volvebat.</span> <span class='ocrx_word' id='word_1_180' title='bbox 877 2257 1022 2316; x_wconf 86' lang='lat' dir='ltr'>Terrebat</span> 
     </span>
    </p>

    <p class='ocr_par' dir='ltr' id='par_1_7' title="bbox 112 2337 1021 2654">
     <span class='ocr_line' id='line_1_27' title="bbox 112 2337 1020 2412; baseline 0 -18"><span class='ocrx_word' id='word_1_181' title='bbox 112 2347 113 2350; x_wconf 76' lang='grc'>’</span> <span class='ocrx_word' id='word_1_182' title='bbox 140 2356 211 2395; x_wconf 92' lang='lat' dir='ltr'>eum</span> <span class='ocrx_word' id='word_1_183' title='bbox 226 2345 336 2396; x_wconf 91' lang='lat' dir='ltr'>natura</span> <span class='ocrx_word' id='word_1_184' title='bbox 350 2337 526 2395; x_wconf 88' lang='lat' dir='ltr'>mortalium</span> <span class='ocrx_word' id='word_1_185' title='bbox 542 2337 634 2393; x_wconf 86' lang='lat' dir='ltr'>avida</span> <span class='ocrx_word' id='word_1_186' title='bbox 650 2337 759 2412; x_wconf 90' lang='lat' dir='ltr'>imperi</span> <span class='ocrx_word' id='word_1_187' title='bbox 774 2345 805 2395; x_wconf 91' lang='lat' dir='ltr'>et</span> <span class='ocrx_word' id='word_1_188' title='bbox 820 2356 966 2412; x_wconf 89' lang='lat' dir='ltr'>praeceps</span> <span class='ocrx_word' id='word_1_189' title='bbox 982 2338 1020 2395; x_wconf 90' lang='lat' dir='ltr'>ad</span> 
     </span>
     <span class='ocr_line' id='line_1_28' title="bbox 141 2417 1021 2493; baseline 0 -19"><span class='ocrx_word' id='word_1_190' title='bbox 141 2419 320 2493; x_wconf 86' lang='lat' dir='ltr'>explendam</span> <span class='ocrx_word' id='word_1_191' title='bbox 337 2419 429 2474; x_wconf 91' lang='lat' dir='ltr'>animi</span> <span class='ocrx_word' id='word_1_192' title='bbox 444 2417 626 2492; x_wconf 84' lang='lat' dir='ltr'>cupidinem,</span> <span class='ocrx_word' id='word_1_193' title='bbox 637 2424 796 2492; x_wconf 88' lang='lat' dir='ltr'>praeterea</span> <span class='ocrx_word' id='word_1_194' title='bbox 808 2418 1021 2492; x_wconf 89' lang='lat' dir='ltr'>opportunitas</span> 
     </span>
     <span class='ocr_line' id='line_1_29' title="bbox 141 2497 1020 2573; baseline 0.002 -21"><span class='ocrx_word' id='word_1_195' title='bbox 141 2517 212 2555; x_wconf 81' lang='lat' dir='ltr'>suae</span> <span class='ocrx_word' id='word_1_196' title='bbox 235 2500 457 2573; x_wconf 90' lang='lat' dir='ltr'>liberorumque</span> <span class='ocrx_word' id='word_1_197' title='bbox 481 2497 600 2567; x_wconf 73' lang='lat' dir='ltr'>aetatis</span> <span class='ocrx_word' id='word_1_198' title='bbox 624 2516 701 2572; x_wconf 91' lang='lat' dir='ltr'>quae</span> <span class='ocrx_word' id='word_1_199' title='bbox 730 2499 823 2554; x_wconf 87' lang='lat' dir='ltr'>etiam</span> <span class='ocrx_word' id='word_1_200' title='bbox 852 2497 1020 2555; x_wconf 88' lang='lat' dir='ltr'>medioeres</span> 
     </span>
     <span class='ocr_line' id='line_1_30' title="bbox 141 2578 1021 2654; baseline 0.001 -20"><span class='ocrx_word' id='word_1_201' title='bbox 141 2579 225 2635; x_wconf 85' lang='lat' dir='ltr'>viros</span> <span class='ocrx_word' id='word_1_202' title='bbox 241 2597 293 2654; x_wconf 89' lang='lat' dir='ltr'>spe</span> <span class='ocrx_word' id='word_1_203' title='bbox 314 2579 445 2653; x_wconf 88' lang='lat' dir='ltr'>praedae</span> <span class='ocrx_word' id='word_1_204' title='bbox 467 2583 662 2634; x_wconf 85' lang='lat' dir='ltr'>transvorsos</span> <span class='ocrx_word' id='word_1_205' title='bbox 686 2578 769 2652; x_wconf 82' lang='lat' dir='ltr'>agit;</span> <span class='ocrx_word' id='word_1_206' title='bbox 792 2578 830 2634; x_wconf 91' lang='lat' dir='ltr'>ad</span> <span class='ocrx_word' id='word_1_207' title='bbox 847 2578 903 2634; x_wconf 91' lang='lat' dir='ltr'>hoc</span> <span class='ocrx_word' id='word_1_208' title='bbox 919 2578 1021 2635; x_wconf 89' lang='lat' dir='ltr'>studia</span> 
     </span>
    </p>

    <p class='ocr_par' dir='ltr' id='par_1_8' title="bbox 88 2656 1020 2888">
     <span class='ocr_line' id='line_1_31' title="bbox 88 2656 1020 2732; baseline 0.001 -18"><span class='ocrx_word' id='word_1_209' title='bbox 88 2660 125 2714; x_wconf 85' lang='lat'>30</span> <span class='ocrx_word' id='word_1_210' title='bbox 142 2658 345 2716; x_wconf 89' lang='lat' dir='ltr'>Numidarum</span> <span class='ocrx_word' id='word_1_211' title='bbox 366 2658 394 2714; x_wconf 93' lang='lat' dir='ltr'>in</span> <span class='ocrx_word' id='word_1_212' title='bbox 418 2656 608 2732; x_wconf 63' lang='lat' dir='ltr'>&lt;Iugurtham</span> <span class='ocrx_word' id='word_1_213' title='bbox 631 2676 766 2729; x_wconf 88' lang='lat' dir='ltr'>aceensa,</span> <span class='ocrx_word' id='word_1_214' title='bbox 782 2676 820 2714; x_wconf 87' lang='lat' dir='ltr'>ex</span> <span class='ocrx_word' id='word_1_215' title='bbox 845 2658 963 2732; x_wconf 92' lang='lat' dir='ltr'>quibus,</span> <span class='ocrx_word' id='word_1_216' title='bbox 994 2659 1020 2715; x_wconf 90' lang='lat' dir='ltr'>si</span> 
     </span>
     <span class='ocr_line' id='line_1_32' title="bbox 141 2738 1019 2813; baseline 0.001 -19"><span class='ocrx_word' id='word_1_217' title='bbox 141 2738 233 2795; x_wconf 91' lang='lat' dir='ltr'>talem</span> <span class='ocrx_word' id='word_1_218' title='bbox 249 2741 347 2796; x_wconf 88' lang='lat' dir='ltr'>virum</span> <span class='ocrx_word' id='word_1_219' title='bbox 370 2738 449 2796; x_wconf 89' lang='lat' dir='ltr'>dolis</span> <span class='ocrx_word' id='word_1_220' title='bbox 471 2738 682 2807; x_wconf 87' lang='lat' dir='ltr'>interfecisset,</span> <span class='ocrx_word' id='word_1_221' title='bbox 696 2756 732 2794; x_wconf 92' lang='lat' dir='ltr'>ne</span> <span class='ocrx_word' id='word_1_222' title='bbox 749 2757 809 2813; x_wconf 92' lang='lat' dir='ltr'>qua</span> <span class='ocrx_word' id='word_1_223' title='bbox 831 2738 942 2796; x_wconf 89' lang='lat' dir='ltr'>seditio</span> <span class='ocrx_word' id='word_1_224' title='bbox 965 2745 1019 2796; x_wconf 90' lang='lat' dir='ltr'>aut</span> 
     </span>
     <span class='ocr_line' id='line_1_33' title="bbox 141 2819 619 2888; baseline 0 -12"><span class='ocrx_word' id='word_1_225' title='bbox 141 2819 252 2876; x_wconf 92' lang='lat' dir='ltr'>bellum</span> <span class='ocrx_word' id='word_1_226' title='bbox 269 2819 404 2888; x_wconf 88' lang='lat' dir='ltr'>oriretur,</span> <span class='ocrx_word' id='word_1_227' title='bbox 422 2819 530 2876; x_wconf 89' lang='lat' dir='ltr'>anxius</span> <span class='ocrx_word' id='word_1_228' title='bbox 545 2824 619 2876; x_wconf 89' lang='lat' dir='ltr'>erat.</span> 
     </span>
    </p>

    <p class='ocr_par' dir='ltr' id='par_1_9' title="bbox 141 2898 1019 3055">
     <span class='ocr_line' id='line_1_34' title="bbox 177 2898 1019 2975; baseline -0.004 -16"><span class='ocrx_word' id='word_1_229' title='bbox 177 2899 201 2959; x_wconf 76' lang='grc'>7.</span> <span class='ocrx_word' id='word_1_230' title='bbox 218 2899 278 2958; x_wconf 91' lang='lat' dir='ltr'>His</span> <span class='ocrx_word' id='word_1_231' title='bbox 287 2899 517 2957; x_wconf 87' lang='lat' dir='ltr'>difficultatibus</span> <span class='ocrx_word' id='word_1_232' title='bbox 527 2899 759 2967; x_wconf 71' lang='lat' dir='ltr'>circumventus</span> <span class='ocrx_word' id='word_1_233' title='bbox 769 2898 820 2955; x_wconf 94' lang='lat' dir='ltr'>ubi</span> <span class='ocrx_word' id='word_1_234' title='bbox 831 2899 914 2956; x_wconf 87' lang='lat' dir='ltr'>videt</span> <span class='ocrx_word' id='word_1_235' title='bbox 923 2918 1019 2975; x_wconf 89' lang='lat' dir='ltr'>neque</span> 
     </span>
     <span class='ocr_line' id='line_1_35' title="bbox 141 2978 1019 3055; baseline 0.002 -21"><span class='ocrx_word' id='word_1_236' title='bbox 141 2996 194 3052; x_wconf 94' lang='lat' dir='ltr'>per</span> <span class='ocrx_word' id='word_1_237' title='bbox 209 2981 272 3036; x_wconf 83' lang='lat' dir='ltr'>vim</span> <span class='ocrx_word' id='word_1_238' title='bbox 287 2997 383 3055; x_wconf 88' lang='lat' dir='ltr'>neque</span> <span class='ocrx_word' id='word_1_239' title='bbox 399 2979 521 3035; x_wconf 90' lang='lat' dir='ltr'>insidiis</span> <span class='ocrx_word' id='word_1_240' title='bbox 536 2978 665 3051; x_wconf 88' lang='lat' dir='ltr'>opprimi</span> <span class='ocrx_word' id='word_1_241' title='bbox 679 2995 769 3052; x_wconf 89' lang='lat' dir='ltr'>posse</span> <span class='ocrx_word' id='word_1_242' title='bbox 786 2979 938 3036; x_wconf 91' lang='lat' dir='ltr'>hominem</span> <span class='ocrx_word' id='word_1_243' title='bbox 954 2986 1019 3036; x_wconf 90' lang='lat' dir='ltr'>tam</span> 
     </span>
    </p>

    <p class='ocr_par' dir='ltr' id='par_1_10' title="bbox 88 3057 1020 3448">
     <span class='ocr_line' id='line_1_36' title="bbox 88 3057 1019 3134; baseline 0.002 -19"><span class='ocrx_word' id='word_1_244' title='bbox 88 3060 125 3115; x_wconf 84' lang='lat'>35</span> <span class='ocrx_word' id='word_1_245' title='bbox 143 3065 299 3132; x_wconf 90' lang='lat' dir='ltr'>acceptum</span> <span class='ocrx_word' id='word_1_246' title='bbox 319 3058 526 3134; x_wconf 89' lang='lat' dir='ltr'>popularibus,</span> <span class='ocrx_word' id='word_1_247' title='bbox 550 3057 629 3131; x_wconf 90' lang='lat' dir='ltr'>quod</span> <span class='ocrx_word' id='word_1_248' title='bbox 656 3064 721 3114; x_wconf 89' lang='lat' dir='ltr'>erat</span> <span class='ocrx_word' id='word_1_249' title='bbox 740 3058 761 3114; x_wconf 84' lang='lat' dir='ltr'>J</span> <span class='ocrx_word' id='word_1_250' title='bbox 764 3059 897 3132; x_wconf 78' lang='lat' dir='ltr'>ugurtha</span> <span class='ocrx_word' id='word_1_251' title='bbox 925 3077 1019 3117; x_wconf 81' lang='lat' dir='ltr'>uranu</span> 
     </span>
     <span class='ocr_line' id='line_1_37' title="bbox 140 3136 1019 3212; baseline 0.003 -20"><span class='ocrx_word' id='word_1_252' title='bbox 140 3148 301 3212; x_wconf 88' lang='lat' dir='ltr'>promptus</span> <span class='ocrx_word' id='word_1_253' title='bbox 316 3145 346 3194; x_wconf 91' lang='lat' dir='ltr'>et</span> <span class='ocrx_word' id='word_1_254' title='bbox 362 3143 508 3212; x_wconf 89' lang='lat' dir='ltr'>appetens</span> <span class='ocrx_word' id='word_1_255' title='bbox 524 3137 639 3209; x_wconf 80' lang='lat' dir='ltr'>gloriae</span> <span class='ocrx_word' id='word_1_256' title='bbox 655 3136 804 3204; x_wconf 74' lang='lat' dir='ltr'>militaris</span> <span class='ocrx_word' id='word_1_257' title='bbox 822 3139 932 3195; x_wconf 90' lang='lat' dir='ltr'>statuit</span> <span class='ocrx_word' id='word_1_258' title='bbox 948 3157 1019 3196; x_wconf 90' lang='lat' dir='ltr'>eum</span> 
     </span>
     <span class='ocr_line' id='line_1_38' title="bbox 141 3215 1018 3291; baseline 0.007 -19"><span class='ocrx_word' id='word_1_259' title='bbox 141 3217 290 3289; x_wconf 87' lang='lat' dir='ltr'>objectare</span> <span class='ocrx_word' id='word_1_260' title='bbox 312 3216 454 3291; x_wconf 89' lang='lat' dir='ltr'>periculis</span> <span class='ocrx_word' id='word_1_261' title='bbox 475 3220 507 3271; x_wconf 91' lang='lat' dir='ltr'>et</span> <span class='ocrx_word' id='word_1_262' title='bbox 527 3233 563 3272; x_wconf 93' lang='lat' dir='ltr'>eo</span> <span class='ocrx_word' id='word_1_263' title='bbox 585 3215 675 3271; x_wconf 92' lang='lat' dir='ltr'>modo</span> <span class='ocrx_word' id='word_1_264' title='bbox 691 3216 843 3272; x_wconf 87' lang='lat' dir='ltr'>fortunam</span> <span class='ocrx_word' id='word_1_265' title='bbox 859 3223 1018 3291; x_wconf 90' lang='lat' dir='ltr'>temptare.</span> 
     </span>
     <span class='ocr_line' id='line_1_39' title="bbox 141 3293 1020 3371; baseline 0.005 -20"><span class='ocrx_word' id='word_1_266' title='bbox 141 3296 243 3368; x_wconf 82' lang='lat' dir='ltr'>Igitur</span> <span class='ocrx_word' id='word_1_267' title='bbox 262 3297 341 3351; x_wconf 87' lang='lat' dir='ltr'>bello</span> <span class='ocrx_word' id='word_1_268' title='bbox 363 3294 554 3350; x_wconf 91' lang='lat' dir='ltr'>Numantino</span> <span class='ocrx_word' id='word_1_269' title='bbox 578 3293 718 3368; x_wconf 89' lang='lat' dir='ltr'>Micipsa,</span> <span class='ocrx_word' id='word_1_270' title='bbox 735 3311 803 3350; x_wconf 90' lang='lat' dir='ltr'>cum</span> <span class='ocrx_word' id='word_1_271' title='bbox 825 3298 936 3371; x_wconf 91' lang='lat' dir='ltr'>populo</span> <span class='ocrx_word' id='word_1_272' title='bbox 960 3298 1020 3355; x_wconf 82' lang='lat' dir='ltr'>Ro·</span> 
     </span>
     <span class='ocr_line' id='line_1_40' title="bbox 142 3372 1017 3448; baseline 0.006 -19"><span class='ocrx_word' id='word_1_273' title='bbox 142 3392 232 3430; x_wconf 91' lang='lat' dir='ltr'>mano</span> <span class='ocrx_word' id='word_1_274' title='bbox 267 3374 403 3448; x_wconf 87' lang='lat' dir='ltr'>equitnm</span> <span class='ocrx_word' id='word_1_275' title='bbox 439 3380 530 3446; x_wconf 88' lang='lat' dir='ltr'>atque</span> <span class='ocrx_word' id='word_1_276' title='bbox 559 3372 695 3445; x_wconf 87' lang='lat' dir='ltr'>peditum</span> <span class='ocrx_word' id='word_1_277' title='bbox 726 3374 838 3430; x_wconf 87' lang='lat' dir='ltr'>auxilia</span> <span class='ocrx_word' id='word_1_278' title='bbox 873 3377 1017 3448; x_wconf 87' lang='lat' dir='ltr'>mitteret,</span> 
     </span>
    </p>
   </div>
   <div class='ocr_carea' id='block_1_3' title="bbox 0 0 1178 3718">
    <p class='ocr_par' dir='ltr' id='par_1_11' title="bbox 0 0 1178 3718">
     <span class='ocr_line' id='line_1_41' title="bbox 0 0 1178 3718; baseline 0 2"><span class='ocrx_word' id='word_1_279' title='bbox 0 0 1178 3718; x_wconf 95' lang='lat' dir='ltr'> </span> 
     </span>
    </p>
   </div>
  </div>
 </body>
</html>
