2322 3718
285 181 332 229 DE
357 180 650 230 CCNJURA'PIONE
675 182 895 233 CATILINAE.
993 169 1056 235 127

121 334 260 396 Manlius
272 337 445 414 Torquatus
463 339 542 397 bello
560 339 677 398 Gallico
692 339 786 397 filium
808 359 907 413 suum,
920 344 1000 418 quod

121 417 150 474 is
172 423 279 476 contra
303 418 463 494 imperium
489 419 520 476 in
541 419 661 477 hostem
684 427 884 494 pugnaverat,
900 424 1002 480 necari

124 499 231 572 jussit,
247 505 339 574 atque
361 499 411 556 ille
426 499 569 574 egregius
591 499 768 557 adolescens
784 501 1000 561 immoderatae

122 579 312 636 fortitudinis
328 587 424 636 morte
439 597 554 654 poenae
565 579 656 637 dedit.
694 580 761 636 Vos
771 581 808 637 de
824 583 1002 640 crudelissu-

121 659 183 715 mis
197 658 356 733 parricidis
368 659 442 734 quid
455 660 600 716 statuatis
611 658 820 717 cunctamini?
850 662 1002 721 Videlicet
1035 667 1053 723 5

123 745 226 796 cetera
240 738 306 795 vita
321 756 426 796 eornm
447 739 517 796 huic
531 739 637 798 sceleri
651 740 762 798 obstat.
806 741 922 799 Verum
937 761 1003 818 par·

123 819 183 876 cite
206 818 351 892 dignitati
373 819 505 889 Lentuli,
524 820 550 876 ei
572 820 637 896 ipse
658 819 831 896 pudicitiae,
853 822 879 878 si
901 823 1000 881 famae

122 917 206 969 suae,
223 898 250 954 si
271 899 319 955 dis
341 906 395 956 aut
416 899 590 957 hominibus
606 918 750 975 umquam
765 901 837 958 ullis
857 903 1000 978 pepercit.

123 979 280 1053 Ignoscite
294 978 426 1054 Cethegi
438 980 670 1050 adolescentiae,
683 981 744 1038 nisi
759 982 869 1038 iterum
884 983 1002 1057 patriae

123 1060 240 1117 bellum
261 1058 339 1116 fecit.
383 1060 464 1117 Nam
479 1061 551 1136 quid
574 1078 632 1135 ego
652 1061 690 1118 de
706 1060 845 1133 Gabinio,
869 1061 1001 1133 Statilio,
1019 1065 1054 1123 10

125 1140 277 1214 Caepario
298 1138 426 1216 loquar?
470 1141 589 1214 Quibus
618 1140 644 1197 si
669 1141 830 1216 quicquam
860 1160 1001 1218 umquam

121 1221 211 1296 pensi
231 1220 350 1289 fuisset,
366 1238 427 1277 non
447 1238 485 1278 ea
503 1221 632 1278 consilia
647 1221 684 1278 de
699 1239 731 1278 re
746 1221 868 1297 publiea
883 1222 1003 1279 habuis·

124 1307 203 1359 sent.
247 1299 414 1371 Postremo,
444 1305 548 1377 patres
577 1301 749 1376 conscripti,
779 1302 806 1358 si
833 1302 1003 1360 mehercule

123 1386 250 1457 peccato
265 1381 349 1438 loeus
358 1387 448 1451 esset,
459 1380 545 1439 facile
560 1387 681 1456 paterer
691 1399 746 1438 vos
761 1381 829 1456 ipsa
842 1382 1002 1456 recorrigi,

123 1462 270 1538 quoniam
290 1461 383 1518 verba
407 1461 621 1535 contemnitis;
643 1461 697 1518 sed
722 1462 855 1536 nudique
880 1462 1055 1523 circum-15

124 1542 210 1599 venti
226 1559 340 1598 sumus.
379 1540 511 1599 Catilina
521 1559 589 1598 cum
605 1541 740 1598 exercitu
750 1541 1003 1617 faucibnsurget;

124 1622 178 1679 alii
198 1622 279 1679 intra
299 1621 419 1678 moenia
436 1627 526 1696 atque
548 1621 580 1679 in
601 1621 670 1678 sinu
692 1621 776 1678 urbia
793 1627 865 1679 sunt
880 1621 1003 1695 hostes3

124 1719 224 1777 neque
238 1701 337 1776 parari
349 1720 446 1776 neque
459 1701 574 1759 consuli
586 1702 749 1777 quicquam
760 1708 862 1778 potest
873 1702 1003 1760 occulte:

125 1799 188 1857 quo
203 1782 302 1855 magis
316 1782 538 1857 properandum
551 1786 606 1839 est.
644 1782 745 1855 Quare
755 1800 811 1856 ego
821 1783 865 1840 ita
881 1800 1003 1840 censeo:

124 1879 196 1920 cum
216 1861 332 1918 nefario
354 1862 479 1918 consilio
501 1862 715 1919 sceleratorum
735 1861 846 1919 civium
864 1880 913 1920 res
933 1863 1005 1939 pub·
1020 1866 1056 1923 20

124 1943 186 1999 lica
206 1942 238 1998 in
259 1960 402 1998 maxuma
421 1942 556 2016 pericula
577 1942 704 2012 venerit,
721 1940 813 2017 hique
835 1943 946 2000 indicio
968 1942 1001 2000 Τ.

124 2021 266 2078 Volturci
282 2029 313 2078 et
327 2021 496 2094 legatorum
510 2022 712 2096 Allobrogum
722 2023 852 2078 convicti
864 2022 1005 2079 confessi-

125 2120 184 2177 que
210 2103 272 2159 sint
293 2101 425 2171 caedem,
440 2101 581 2158 incendia
606 2101 724 2176 aliaque
748 2119 780 2158 se
803 2102 890 2159 foeda
915 2109 1005 2176 atque

126 2181 261 2238 crudelia
281 2181 415 2238 facinora
434 2183 465 2238 in
481 2182 562 2239 cives
577 2181 769 2258 patriamqne
784 2183 950 2256 paravisse,
967 2183 1004 2238 de

126 2261 283 2330 confessis,
308 2261 400 2318 sicuti
425 2262 462 2318 de
491 2262 663 2318 manifestis
691 2279 790 2318 rerum
819 2262 1003 2344 capitalium,
1021 2264 1057 2320 25

126 2358 211 2398 more
225 2343 373 2415 majorum
388 2342 569 2417 supplicium
587 2341 801 2398 sumundum.”
819 2355 826 2414 ξ
852 2362 870 2398 ,’
884 2339 899 2390 ‘-

170 2423 215 2478 53.
239 2421 406 2496 Postquam
434 2422 513 2480 Cato
543 2422 673 2491 adsedit,
697 2421 872 2478 consulares
901 2439 1006 2478 omnes

128 2501 262 2576 itemque
287 2507 412 2559 senatus
433 2520 546 2577 magna
566 2519 636 2578 pars
652 2498 835 2558 sententiam
857 2501 921 2574 ejus
944 2502 1006 2557 lau·

129 2582 213 2649 dant,
231 2582 376 2639 virtutem
391 2582 484 2638 animi
498 2583 537 2640 ad
549 2583 665 2639 caelum
683 2581 792 2649 ferunt,
806 2580 858 2638 alii
873 2581 951 2638 alios
965 2581 1008 2638 in-

129 2668 286 2737 crepantes
300 2662 426 2720 timidos
435 2667 555 2732 vocant,
567 2660 642 2719 Cato
656 2662 757 2718 clarus
772 2667 863 2737 atque
877 2679 1008 2736 magnus
1022 2663 1060 2718 30

131 2741 269 2812 habetur,
287 2743 384 2799 senati
411 2743 564 2799 decretum
591 2741 632 2811 fit,
649 2740 738 2799 sicuti
763 2740 812 2798 ille
838 2747 1006 2800 censuerat.

133 2821 194 2880 Sed
209 2821 283 2878 mihi
299 2823 397 2879 multa
411 2823 532 2896 legenti,
549 2821 646 2878 multa
663 2821 807 2892 audienti,
824 2839 901 2896 qnae
915 2839 1009 2896 popu-

129 2903 178 2958 lns
207 2903 368 2960 Romanus
391 2902 471 2959 domi
496 2901 693 2976 militiaeque,
709 2900 786 2957 mari
813 2908 904 2976 atque
928 2912 1009 2957 terra

129 2983 284 3057 praeclara
300 2982 433 3039 facinora
448 2982 526 3049 feeit,
542 2981 618 3038 forte
634 2982 733 3037 lubuit
749 2981 912 3046 attendere,
930 2997 1008 3055 quae

131 3080 180 3119 rcs
201 3081 341 3118 maxume
362 3068 451 3119 tanta
470 3062 595 3136 negotia
618 3061 823 3118 sustinuisset.
867 3059 1008 3117 Sciebam
1023 3063 1060 3118 35

132 3160 351 3216 saepenumero
372 3159 469 3216 parva
492 3159 583 3198 manu
605 3159 673 3198 cum
694 3140 815 3214 magnis
836 3139 1009 3214 legionibus

132 3222 267 3279 hostiurn
297 3223 508 3295 contendisse3
545 3238 747 3294 cognoveram
781 3220 885 3294 parvis
915 3220 1009 3294 copiis

131 3302 213 3358 bella
235 3311 323 3374 gesta
347 3320 414 3359 cum
442 3301 593 3376 opulentis
615 3300 749 3373 regibus
772 3298 893 3372 adhoc
919 3317 1009 3374 saepe

132 3381 271 3438 fortunae
293 3382 470 3478 violentiam
491 3380 681 3449 toleravisse,
703 3370 847 3434 secundia
867 3377 1008 3447 Graecos,

322 3470 324 3480 ,
343 3462 390 3491 ὼ,
415 3473 441 3495 ,Η
460 3473 463 3485 ,
