2322 3718
269 169 316 214 nu
343 168 635 215 cousuaarroun
660 169 880 218 carrarum.
976 154 1038 218 133

101 327 236 385 audacia
252 332 423 402 quantaque
440 327 485 382 vis
501 326 595 383 animi
611 326 742 384 fuisset
733 345 765 383 1n
779 328 893 384 exercit
892 346 915 383 u
881 328 985 387 t-Ga

100 407 218 464 tiiinae.
263 407 343 462 Nam
366 408 434 477 fere,
455 424 542 481 quem
564 406 798 498 quisquevivus
821 409 1022 481 pugnando
1019 397 1072 458 Σ”

100 487 207 544 locum
227 492 355 560 ceperat,
371 504 440 542 eum
461 487 576 543 amissa
596 487 698 544 anima
713 504 835 562 corpore
852 489 983 562 tegebat

101 567 203 624 Pauci
226 576 338 636 autem,
361 583 437 641 quos
458 567 574 623 medios
595 565 703 624 cohors
728 569 880 642 praetoria
900 568 986 642 disje-

100 653 197 716 cerat,
219 648 310 720 paulo
331 647 493 715 divorsius,
515 646 569 703 sed
592 664 696 703 ornnes
718 653 821 706 tamen
845 649 985 706 advorsis
1020 652 1038 708 5

101 728 282 785 volneribus
297 726 496 783 conciderant.
543 725 677 784 Catilina
693 745 764 785 vero
780 729 870 804 longe
887 748 904 786 a
920 730 984 787 suis

100 810 186 865 inter
201 807 333 865 hostiurn
343 808 494 864 cadavera
504 814 641 881 repertus
652 814 708 878 est,
722 809 880 882 paululum
891 811 986 867 etiam

100 890 235 964 spirans,
259 888 461 962 ferociamque
485 887 586 956 animi,
610 906 701 963 quam
724 887 872 946 habuerat
887 891 984 959 vivuat,

101 971 136 1026 in
154 970 239 1026 voltu
258 969 399 1026 retinens.
445 967 604 1024 Postremo
626 969 761 1025 exomni
784 970 871 1045 eopia
890 989 986 1046 neque

100 1051 135 1107 in
151 1050 265 1125 proelio
287 1067 383 1124 neque
406 1047 436 1104 iu
460 1049 533 1123 fuga
549 1049 710 1123 quisquam
734 1049 811 1107 civis
833 1050 985 1124 ingenuus
1003 1052 1039 1109 10

101 1138 214 1207 captus
233 1136 294 1188 est:
318 1130 362 1186 ita
376 1129 474 1186 cuncti
497 1147 569 1186 suae
587 1129 781 1205 hostiumque
797 1131 879 1188 vitae
898 1133 988 1205 juxta

100 1219 307 1288 pepercerant
351 1209 458 1285 Neque
465 1215 566 1266 tamen
577 1211 728 1267 exercitus
738 1210 840 1286 populi
854 1210 986 1268 Romani

101 1295 218 1350 laetam
228 1290 645 1348 autincruentamvictoriam
655 1291 784 1366 adeptus
794 1297 867 1348 erat.
904 1291 986 1348 Nam

103 1373 346 1430 strenuissumus
361 1371 489 1446 quisque
516 1377 569 1426 aut
584 1370 735 1427 occiderat
757 1371 788 1427 in
803 1371 918 1446 proelio
934 1375 987 1428 aut

102 1454 242 1529 graviter
255 1453 432 1509 volneratus
453 1450 642 1508 discesserat.
687 1451 781 1507 Multi
809 1458 919 1521 autem,
936 1451 987 1527 qui
1003 1450 1039 1508 15

101 1553 119 1591 e
137 1533 248 1590 eastris
264 1531 387 1588 visundi
409 1535 461 1587 aut
477 1530 628 1605 spoliandi
650 1531 751 1604 gratia
767 1537 986 1606 processerant,

102 1614 269 1672 volventes
285 1611 408 1668 hostilia
418 1611 576 1678 cadavera,
586 1609 715 1667 amicum
732 1611 792 1682 alii,
803 1630 875 1687 pars
890 1610 988 1687 hospi·

100 1705 168 1753 tern
190 1699 243 1751 aut
256 1701 420 1766 cognatum
440 1690 647 1764 reperiebant3
670 1690 753 1747 fuere
768 1692 839 1749 item
844 1692 917 1768 ,aqui
934 1691 989 1747 ini-

101 1774 202 1833 micos
230 1791 302 1829 suos
330 1776 629 1862 cognoscerentt
600 1770 649 1827 Ita
673 1771 755 1827 varie
783 1789 838 1847 per
867 1789 987 1829 omnem

101 1854 282 1946 exercitum
287 1852 348 1908 laet
336 1850 413 1922 titia,
429 1867 555 1921 maeror,
571 1849 671 1908 luctus
687 1858 779 1928 atque
794 1853 909 1928 gaudia
923 1851 986 1927 agi·
1002 1853 1040 1908 20

102 1909 296 1994 tonantius

159 2065 472 2230 mm
731 2099 999 2192 a

150 2257 356 2384 cuffiam
400 2245 605 2332 sswalts
632 2282 727 2316 *W
760 2291 796 2314 'v

263 2367 472 2446 L“qlfrgs‘f
521 2378 662 2428 'ffic‘a
708 2378 816 2437 p³srr

476 2428 584 2458 ΙΝΗ,
717 2428 785 2460 ,d
