2346 3718
83 149 125 210 56
319 185 323 191 -
369 159 397 205 o.
415 157 596 204 satrtosrr
622 159 744 204 career

137 320 195 377 diis
221 323 272 374 aut
298 336 352 374 suo
374 317 439 374 loco
454 335 591 391 pugnam
607 317 713 387 facere,
729 322 760 374 et
780 319 844 391 jam
868 323 1019 376 aestatem

137 405 274 456 exactam
297 415 372 466 esse,
391 399 428 454 ab
450 398 546 454 Zama
569 397 697 454 discedit
712 402 742 454 et
764 397 859 453 ineis
881 399 1018 468 urbibuS,

138 498 214 555 quae
226 480 263 535 ad
274 497 305 534 se
316 478 487 534 defecerant
502 478 638 552 satisque
648 477 861 534 munitaeloco
874 484 927 534 aut
939 497 1021 535 moe-

139 561 231 616 nibus
247 563 341 626 emnt,
358 558 512 633 praesidia
526 557 672 632 imponit;
695 564 826 614 ceterum
849 559 1020 615 exercitum

105 640 167 698 5in
197 638 399 714 provinciam,
426 656 503 712 qnae
524 656 671 712 proxuma
692 644 740 694 est
761 637 933 708 Numidiae,
958 639 1021 695 hie-

138 720 240 776 mandi
257 719 358 793 gratia
367 719 502 775 collocat.
548 717 654 793 Neque
666 718 698 774 id
707 723 828 793 tempus
840 736 877 774 ex
889 719 1020 775 aliorum

138 817 220 856 more
250 799 344 873 quieti
374 805 426 854 aut
454 799 591 854 luxuriae
621 799 766 866 concedit,
791 799 844 854 sed
873 800 1020 873 quoniam

140 880 232 935 armis
253 879 366 936 bellum
389 897 497 953 parum
520 879 710 954 procedebat,
727 879 856 935 insidias
877 880 941 953 regi
963 897 1020 954 per

138 960 251 1016 amieos
279 960 405 1015 tendere
435 964 465 1014 et
494 976 597 1014 eorum
626 958 751 1034 perfidia
771 977 825 1032 pro
856 961 949 1016 armis
971 960 1020 1015 nti

86 1042 122 1097 10
139 1045 237 1114 parat.
282 1039 383 1114 Igitur
398 1038 608 1107 Bomilcarem,
621 1039 670 1113 qni
688 1039 805 1096 Romae
820 1057 888 1096 cum
904 1040 1020 1113 Jugur-

139 1120 192 1176 tha
214 1120 314 1176 fuerat
333 1125 364 1176 et
379 1120 449 1176 inde
466 1120 595 1176 vadibus
610 1119 690 1175 datis
714 1120 750 1176 de
768 1119 922 1176 Massivae
946 1138 1020 1176 nece

139 1200 289 1274 judicium
306 1201 434 1271 fugerat,
450 1200 531 1273 quod
545 1200 572 1255 ei
588 1216 641 1274 per
656 1217 830 1255 maxumam
848 1201 1020 1257 amicitiam

137 1279 280 1336 maxuma
293 1281 379 1356 copia
393 1280 518 1336 fallendi
534 1287 608 1346 erat,
625 1279 730 1335 multis
744 1280 1020 1354 pollicitationibus

137 1361 323 1434 aggreditur.
367 1360 414 1418 Ac
434 1361 532 1435 primo
555 1359 644 1416 efficit
658 1360 703 1416 uti
719 1360 756 1416 ad
779 1377 811 1416 se
826 1361 1020 1434 colloquendi

86 1442 120 1498 15
137 1441 239 1514 gratia
260 1441 395 1497 occultus
415 1441 534 1511 veniat3
556 1440 665 1496 deinde
685 1439 741 1496 fide
763 1441 844 1508 data,
862 1441 887 1496 si
906 1441 1021 1515 ‚lugur-

136 1521 223 1577 tham
245 1521 349 1578 vivum
372 1528 425 1577 aut
446 1526 586 1578 necatum
610 1522 666 1577 sibi
688 1521 874 1590 tradidisset,
892 1521 954 1577 fore
982 1528 1020 1578 ut

137 1601 181 1657 illi
197 1608 322 1658 senatus
346 1602 560 1674 impunitatem
581 1607 612 1657 et
632 1619 687 1656 sua
712 1601 815 1674 omnia
830 1602 1017 1672 concederet,

138 1681 225 1737 facile
242 1681 395 1745 Numidae
417 1683 589 1756 persuadet,
606 1699 673 1738 cum
696 1680 819 1755 ingenio
835 1681 927 1738 inlido
949 1689 1020 1745 tum

137 1763 288 1818 metuenti
310 1780 356 1830 ne,
378 1762 403 1818 si
425 1781 486 1836 pax
508 1781 575 1818 cum
599 1761 750 1818 Romanis
772 1761 863 1834 fieret,
879 1762 944 1836 ipse
965 1780 1020 1836 per

85 1844 122 1899 20
139 1841 332 1899 condiciones
348 1843 386 1898 ad
401 1843 584 1916 supplicium
596 1843 775 1899 traderetur.

179 1925 223 1980 tt.
249 1923 290 1992 Is,
307 1923 357 1978 ubi
373 1923 504 1998 primurn
520 1930 724 1998 opportunum
740 1923 806 1991 fuit,
824 1923 1020 1997 Jugurtham

138 2002 261 2058 anxium
275 2020 308 2058 ac
323 2003 519 2059 miserantem
535 2005 672 2059 fortunas
682 2021 754 2060 suas
766 2005 899 2077 accedit3
915 2009 1020 2060 mouet

138 2089 228 2157 atque
251 2083 423 2139 lacrumans
438 2083 618 2153 obtestatur,
635 2083 679 2139 uti
696 2084 857 2158 aliquando
874 2084 932 2140 sibi
946 2083 1020 2139 libe-

138 2163 239 2237 risque
254 2171 284 2219 et
299 2163 383 2236 genti
399 2161 604 2220 Numidarum
623 2171 747 2236 optume
770 2164 896 2220 meritae
918 2164 1020 2238 provi-

86 2243 121 2298 25
139 2243 227 2316 deat3
250 2243 389 2299 omnibus
403 2243 527 2318 proeliis
537 2261 603 2300 sese
613 2243 721 2314 victos
733 2262 840 2318 agrum
852 2250 1016 2314 vastatum,

139 2324 252 2380 multos
281 2324 425 2380 mortales
448 2330 563 2398 captos
588 2324 712 2394 occisos,
736 2325 821 2398 regni
844 2343 917 2399 opes
939 2342 1020 2380 com-

138 2405 271 2461 minutas
286 2421 370 2476 esse3
392 2404 468 2460 satis
490 2422 579 2478 saepe
596 2406 660 2477 jam
675 2411 706 2462 et
720 2405 865 2461 virtutem
887 2404 1019 2460 militum

138 2489 168 2539 et
183 2485 335 2540 fortunam
360 2488 560 2559 temptatam:
583 2490 698 2551 caveat,
721 2503 759 2542 ne
781 2485 832 2541 illo
855 2490 1017 2542 cunctante

140 2563 295 2621 Numidae
323 2563 381 2620 sibi
404 2565 572 2621 consulant.
618 2565 677 2621 His
700 2572 790 2640 atque
811 2565 925 2622 talibus
947 2565 1018 2622 aliis

86 2648 123 2703 30
139 2645 176 2700 ed
199 2644 384 2701 deditionem
407 2645 489 2717 regis
512 2645 647 2701 animum
669 2645 806 2720 impellit.
850 2645 1019 2702 Mittuntur

138 2725 176 2782 ad
205 2725 419 2799 imperatorem
448 2725 551 2798 legati,
579 2725 630 2800 qui
652 2725 839 2799 Jugurtham
866 2721 1019 2799 imperata

139 2805 287 2862 facturum
305 2805 437 2861 dicerent
447 2823 482 2861 ac
492 2805 557 2860 sine
573 2806 634 2861 ulla
644 2806 785 2878 pactione
798 2823 864 2861 sese
879 2822 1020 2879 regnum-

139 2904 195 2959 que
211 2902 300 2942 suum
316 2885 348 2940 in
363 2885 445 2941 illius
462 2885 549 2941 fidem
560 2886 688 2943 tradere.
732 2885 876 2942 Metellus
891 2903 1018 2960 propere

139 2971 264 3022 cunctos
288 2965 434 3022 senatorii
450 2965 564 3022 ordinis
581 2983 618 3021 ex
634 2965 768 3022 hibernis
784 2965 896 3022 accersi
911 2965 1018 3039 jubet;

87 3048 125 3102 35
139 3062 243 3101 eorum
259 3051 289 3101 et
305 3045 442 3114 aliorum,
459 3063 534 3119 quos
558 3045 683 3102 idoneos
699 3047 838 3116 ducebat,
853 3046 1016 3102 eonsilium

140 3125 238 3182 habet.
283 3125 334 3181 lta
355 3143 437 3180 more
459 3127 606 3198 majorum
628 3143 666 3181 ex
694 3126 802 3182 consili
823 3126 943 3182 decreto
964 3144 1020 3200 per

140 3205 259 3276 legatos
274 3204 448 3276 Jugurthae
470 3205 599 3279 imperat
621 3207 861 3282 argentipondo
886 3207 1020 3264 ducenta

140 3284 232 3353 milia,
250 3284 429 3358 elephantos
451 3303 564 3353 omnes,
581 3303 729 3360 equorum
751 3293 782 3342 et
797 3303 950 3344 armorum
968 3289 1021 3344 ali-

139 3372 296 3438 quantum.
342 3363 427 3436 Quae
449 3370 612 3439 postquam
633 3365 699 3421 sine
720 3383 806 3422 mora
827 3365 907 3424 facta
936 3375 1018 3438 sunt,
