2346 3718
336 203 383 249 nn
409 201 531 248 nunno
557 201 820 250 ruauarrrmo
996 185 1040 250 45

108 360 260 417 militibus
288 361 340 417 diu
377 366 527 435 noctuque
557 361 758 435 vagabantur,
788 365 819 417 et
848 361 986 435 palantes

106 459 200 515 agros
216 451 345 509 vastare,
364 442 453 497 villas
468 459 652 515 expugnare,
667 441 783 516 pecoris
798 448 832 497 et
845 442 987 516 mancipi·

106 539 194 577 orum
216 521 346 595 praedas
368 529 518 578 certantes
541 539 638 593 agere,
662 540 756 596 eaque
778 527 896 577 mutare
917 539 985 578 cum

106 603 327 658 mercatoribus
344 602 414 658 vino
430 602 598 658 advecticio
614 609 645 658 et
665 603 733 659 aliis
748 602 882 675 talibus3
904 619 987 676 prae·

105 691 192 739 terea
215 682 398 739 frumentum
415 682 534 756 publice
550 683 656 739 datum
673 683 810 751 vendere,
828 700 938 756 panem
955 682 985 738 in
1022 677 1039 739 5

105 763 173 818 dies
196 763 341 819 mercari:
364 761 517 837 postremo
529 781 737 838 quaecumque
757 763 816 820 dici
839 769 892 819 aut
914 762 986 837 fingi

105 849 224 918 queunt
239 843 381 916 ignaviae
397 842 593 918 luxuriaeque
607 845 726 917 probra,
738 844 769 899 in
786 843 837 899 illo
852 845 986 900 exercitu

104 931 218 980 cuncta
233 923 313 980 fuere
329 929 360 978 et
375 923 435 979 alia
451 924 590 996 amplius

148 1006 194 1060 45.
214 1003 273 1060 Sed
283 1003 541 1061 ineadifficultate
552 1003 710 1061 Metellum
719 1022 780 1060 non
787 1005 986 1079 minusquam

105 1083 139 1140 in
170 1084 260 1140 rebus
284 1083 444 1141 hostilibus
467 1103 613 1158 magnum
635 1091 666 1141 et
695 1085 865 1160 sapientem
888 1086 986 1141 virum
1003 1087 1040 1141 10

105 1165 202 1221 fuisse
219 1165 402 1238 comperior:
425 1172 513 1222 tanta
528 1166 731 1240 temperantia
754 1167 832 1222 inter
851 1166 988 1223 ambitio-

43 1304 46 1309 ,
105 1262 178 1302 nem
208 1246 432 1320 saevitiamque·
467 1247 665 1302 moderatum.
709 1247 850 1320 Namque
888 1247 987 1304 edicto

105 1327 240 1400 primum
258 1326 432 1400 adjumenta
444 1325 585 1400 ignaviae
596 1327 767 1395 sustulisse,
780 1328 987 1402 nequisquam

105 1407 138 1462 in
161 1407 272 1463 castris
293 1425 402 1480 panem
432 1413 485 1463 aut
505 1425 595 1481 quem
624 1408 717 1464 alium
747 1413 865 1465 coctum
887 1409 987 1465 cibum

106 1487 264 1555 venderet,
282 1505 318 1543 ne
335 1487 413 1544 lixae
429 1488 595 1544 exercitum
616 1495 822 1563 sequerentur,
839 1507 875 1546 ne
898 1490 987 1546 milcs
1003 1488 1039 1544 15

106 1570 270 1643 gregarius
291 1568 320 1624 in
336 1569 444 1626 castris
459 1587 535 1626 neve
551 1571 581 1626 in
598 1569 718 1643 agmine
736 1587 856 1627 servum
873 1575 926 1626 aut
943 1572 987 1644 ju·

106 1657 246 1706 mentum
276 1649 417 1723 haberet3
447 1650 555 1706 ceteris
586 1659 650 1707 arte
679 1651 804 1707 modum
833 1651 986 1707 statuisse.

107 1730 273 1787 Praeterea
288 1732 473 1787 transvorsis
489 1731 649 1787 itineribus
661 1731 796 1806 quotidie
812 1739 913 1788 castra
928 1749 988 1787 mo-

107 1829 190 1880 vere,
209 1813 297 1884 juxta
319 1812 393 1869 acsi
410 1812 514 1869 hostes
536 1813 686 1882 adessent,
705 1813 784 1869 vallo
800 1819 889 1887 atque
905 1813 988 1868 fossa

107 1893 237 1961 munire,
255 1893 379 1966 vigilias
408 1893 527 1950 crebras
556 1911 666 1968 ponere
696 1899 726 1949 et
752 1911 804 1949 cas
833 1893 896 1968 ipse
919 1911 987 1949 cum
1004 1894 1041 1948 20

107 1973 222 2046 legatis
238 1973 401 2042 circumire,
414 1973 486 2031 item
510 1974 540 2030 in
563 1975 683 2048 agmine
706 1973 738 2028 in
760 1973 867 2047 primis
888 1973 986 2040 modo,

108 2053 201 2110 modo
217 2053 247 2109 in
262 2055 433 2128 postremis
451 2072 541 2129 saepe
558 2054 588 2110 in
604 2055 703 2111 medio
719 2055 835 2121 adesse,
857 2071 894 2109 ne
910 2053 990 2126 quis-

107 2135 193 2208 piam
214 2135 317 2192 ordine
336 2136 537 2206 egredcretur‚
554 2141 588 2191 ut
608 2153 676 2191 cum
697 2135 793 2208 signis
815 2135 989 2208 frequentes

106 2214 292 2285 incederent,
310 2217 397 2272 miles
413 2217 511 2273 cibum
528 2222 558 2272 et
574 2233 659 2272 arma
673 2220 815 2291 portaret.
860 2214 909 2270 Ita
923 2231 989 2288 pro-

108 2295 241 2352 hibendo
267 2315 284 2352 a
306 2297 425 2354 delictis
447 2297 547 2371 magis
568 2314 659 2372 quam
676 2295 856 2353 vindicando
878 2294 988 2351 exerci-
1004 2295 1040 2352 25

106 2383 176 2431 tum
193 2376 275 2432 brevi
291 2378 487 2435 confirmavit.

152 2460 197 2514 46.
223 2457 343 2515 Interea
358 2459 379 2516 J
382 2459 525 2533 ugurtha,
542 2459 593 2515 nbi
609 2475 686 2532 quae
709 2455 852 2513 Metellus
877 2455 988 2529 agebat

106 2554 148 2593 ex
169 2539 285 2595 nuntiis
308 2541 431 2614 accepit,
449 2540 538 2596 simul
555 2541 593 2596 de
614 2538 787 2595 innocentia
801 2539 865 2610 ejus
880 2535 989 2592 certior

107 2617 212 2675 Roma
234 2620 341 2690 lactus,
359 2619 490 2677 diffidere
514 2621 577 2676 suis
606 2620 704 2687 rebus
722 2637 757 2676 ac
778 2624 843 2674 tum
866 2617 988 2673 demum

107 2716 213 2755 veram
224 2701 410 2757 deditionem
418 2701 515 2758 facere
523 2707 650 2757 conatus
661 2705 715 2756 est.
761 2697 861 2771 Igitur
870 2697 989 2769 legatos
1005 2699 1042 2754 30

107 2779 148 2834 ad
160 2781 318 2836 consulum
334 2799 401 2837 cum
418 2781 575 2856 suppliciis
592 2780 693 2848 mittit,
711 2779 761 2854 qui
777 2778 988 2837 tantummodo

106 2859 165 2934 ipsi
190 2860 349 2936 liberisque
365 2862 460 2918 vitam
488 2866 634 2935 peterent,
652 2860 712 2917 alia
727 2859 829 2916 omnia
844 2859 989 2914 dederent

105 2940 221 3014 populo
244 2941 392 2998 Romano.
438 2941 498 2999 Sed
521 2940 647 2998 Metello
672 2942 735 3013 jani
766 2945 857 2995 antea
877 2938 989 3011 experi-

105 3021 221 3076 mentis
241 3023 397 3094 cognitum
419 3027 485 3078 crat
507 3039 604 3094 genus
626 3020 830 3077 Numidarum
853 3018 987 3087 infidum,

104 3100 230 3173 ingenio
253 3102 368 3168 mobili,
386 3119 534 3158 novarum
550 3119 648 3158 rerum
667 3100 789 3157 avidum
811 3115 886 3155 csse.
929 3099 990 3155 Ita·
1005 3099 1041 3156 35

105 3199 166 3256 que
189 3182 307 3254 legatos
330 3182 423 3238 alium
447 3183 485 3238 ab
508 3182 567 3237 alio
589 3182 728 3238 divorsos
751 3179 937 3252 aggreditur,
956 3196 989 3235 ac

104 3262 257 3336 paulatim
293 3263 482 3337 temptando,
512 3268 676 3336 postquam
707 3265 894 3333 opportunos
930 3259 988 3314 sibi

104 3343 261 3414 cognovit,
270 3344 366 3399 multa
380 3343 549 3418 pollicendo
562 3341 734 3415 persuadet,
743 3339 787 3394 uti
800 3338 988 3410 ‚Iugurtham

104 3440 249 3479 maxume
272 3423 386 3489 virum,
410 3424 455 3478 sin
486 3422 516 3478 id
538 3438 647 3495 parum
669 3417 822 3495 procedat,
846 3422 987 3472 necatum
