2346 3718
384 745 422 814 Ο.
440 740 658 814 SALLUSTI
681 741 837 813 CRISPI
887 844 889 852 Α

292 996 362 1086 llll
387 994 553 1084 BELLO
579 994 605 1083 J
609 992 926 1084 UGURTHINO

537 1171 680 1230 LIBER.

185 1338 211 1394 1.
234 1335 340 1392 anso
352 1334 488 1409 queritur
498 1333 535 1390 de
550 1339 661 1390 natura
671 1351 727 1390 sua
735 1351 834 1408 genus
846 1333 1021 1406 humanum,

143 1416 225 1490 quod
246 1415 398 1473 imbecilla
414 1421 505 1489 atque
522 1413 590 1470 aevi
605 1413 706 1470 brevis
722 1414 798 1470 forte
814 1414 1022 1488 potiusquam

143 1497 256 1553 virtute
266 1503 399 1570 regatur.
440 1495 915 1569 Namcontrareputandoneque
926 1497 1023 1568 majus

142 1577 227 1634 aliud
237 1595 334 1651 neque
344 1575 558 1650 praestabilius
568 1575 715 1644 invenias
723 1574 884 1648 magisque
895 1580 1023 1632 naturae

142 1657 324 1714 industriam
345 1655 502 1712 hominum
518 1673 609 1728 quam
622 1655 685 1710 vim
704 1659 757 1710 aut
771 1661 893 1728 tempus
908 1656 1021 1713 deesse.
1058 1657 1075 1712 5

142 1736 204 1795 Sed
224 1736 285 1794 dux
306 1743 396 1810 atque
419 1735 584 1810 imperator
599 1735 681 1790 vitae
704 1734 880 1792 mortalium
903 1735 1022 1792 animus

140 1823 207 1891 est3
229 1818 280 1892 qui
303 1817 356 1873 ubi
372 1816 409 1872 ad
431 1815 560 1890 gloriam
578 1815 702 1871 virtutis
717 1815 767 1872 via
788 1821 954 1889 grassatur,
975 1816 1024 1872 ab·

141 1897 222 1954 unde
240 1897 358 1972 pollens
372 1902 543 1972 potensque
558 1901 589 1952 et
608 1894 707 1952 clarus
722 1901 887 1969 estusque
903 1897 1023 1953 fortuna

141 1984 221 2052 eget,
245 1977 356 2053 quippe
378 1977 569 2052 probitatem,
586 1975 768 2032 industriam
789 1975 924 2050 aliasque
940 1983 1021 2034 artes

140 2058 237 2114 bonas
259 2075 354 2132 neque
377 2058 447 2114 dare
470 2074 567 2131 neque
596 2056 709 2130 eripere
738 2056 879 2130 cuiquam
909 2063 1018 2131 potest.
1038 2057 1074 2114 10

142 2137 198 2195 Sin
213 2145 320 2212 captus
335 2137 440 2212 pravis
456 2135 648 2212 cupidinibus
664 2137 702 2193 ad
717 2137 859 2193 inertiam
874 2141 905 2193 et
920 2137 1023 2213 volup-

139 2223 220 2275 tates
236 2219 369 2292 corporis
380 2236 504 2293 pessum
521 2218 611 2274 datus
626 2223 681 2285 est,
703 2217 873 2292 perniciosa
883 2216 1020 2274 lubidine

140 2298 295 2374 paulisper
315 2315 399 2367 usus,
429 2299 481 2354 ubi
503 2315 557 2372 per
579 2298 748 2354 socordiam
770 2298 859 2366 virae,
888 2307 1018 2372 tempusa,

140 2379 298 2454 ingenium
326 2377 488 2447 diffluxere,
509 2385 636 2434 naturae
657 2377 818 2433 infirmitas
841 2385 1018 2435 accusat-ur:

140 2476 227 2516 suam
250 2458 378 2533 quisque
401 2458 520 2532 culpam
542 2464 681 2514 auctores
697 2458 735 2514 ad
755 2459 880 2532 negotia
895 2459 1020 2514 transfc-
1036 2461 1071 2516 15

139 2544 218 2596 runt.
264 2539 353 2612 Quod
381 2538 406 2595 si
435 2538 611 2595 horninibus
639 2538 785 2595 bonarum
811 2555 910 2594 rerum
931 2544 1020 2595 tanta

140 2636 212 2676 cura
233 2624 323 2688 esset,
339 2623 454 2694 quanto
478 2619 579 2676 studio
602 2618 700 2676 aliena
720 2636 754 2674 ac
769 2618 844 2675 nihil
860 2619 1018 2692 profutura

139 2699 296 2774 multaque
307 2700 402 2756 etiam
418 2699 589 2774 periculosa
603 2704 720 2773 petunt,
732 2717 829 2774 neque
840 2706 1019 2772 regerentur

139 2781 239 2855 magis
268 2798 358 2854 quam
388 2785 529 2854 regerent
558 2796 656 2848 casus
682 2784 713 2835 et
736 2797 772 2836 eo
797 2779 1017 2853 magnitudinis

138 2860 339 2935 procederent,
357 2860 410 2916 ubi
431 2877 485 2936 pro
511 2859 691 2916 mortalibus
712 2859 811 2934 gloria
833 2860 946 2916 aeterni
971 2860 1018 2917 fie-
1033 2862 1070 2918 20

137 2946 212 2997 rent.

179 3023 204 3078 2.
230 3019 312 3077 Nam
326 3021 372 3077 uti
388 3038 484 3097 genus
503 3019 661 3077 hominum
682 3021 884 3096 compositum
899 3038 937 3077 ex
956 3038 1017 3077 cor-

135 3118 208 3176 pore
223 3106 254 3157 et
270 3101 371 3157 anima
385 3108 441 3169 est,
458 3102 502 3157 ita
517 3119 564 3158 res
582 3108 709 3158 cunetae
732 3101 893 3175 studiaque
914 3102 1016 3158 omnia

136 3189 241 3238 nostra
255 3183 389 3255 corporis
412 3182 479 3251 alia,
497 3181 556 3238 alia
572 3182 665 3238 animi
680 3188 820 3238 naturam
837 3190 1012 3256 sequuntur.

136 3261 237 3334 Igitur
250 3262 407 3336 praeclara
428 3262 529 3331 facies,
546 3280 675 3335 magnae
691 3261 825 3330 divitiae,
842 3263 880 3318 ad
897 3261 953 3318 hoc
967 3261 1014 3317 vis
1030 3262 1066 3319 25

136 3342 270 3416 corporis
291 3347 322 3398 ct
337 3343 398 3399 alia
413 3342 515 3398 omnia
538 3341 662 3414 hujusce
677 3341 759 3398 modi
775 3342 861 3397 brevi
876 3340 1013 3396 dilabun-

134 3429 203 3495 tur;
226 3420 377 3495 atingani
392 3420 660 3496 egregiafacinora
670 3421 760 3476 sicuti
776 3420 878 3476 anima
893 3419 1014 3474 immor-

883 3517 913 3563 13
